@preamble{"\newcommand{\SortNoop}[1]{}"}

% Discovery of dark matter

@ARTICLE{oort1932,
   author = {{Oort}, J.~H.},
    title = "{The force exerted by the stellar system in the direction perpendicular to the galactic plane and some related problems}",
  journal = {\bain},
     year = 1932,
    month = aug,
   volume = 6,
    pages = {249},
   adsurl = {http://adsabs.harvard.edu/abs/1932BAN.....6..249O},
  adsnote = {Provided by the SAO/NASA Astrophysics Data System}
}

@ARTICLE{rubin1970,
   author = {{Rubin}, V.~C. and {Ford}, Jr., W.~K.},
    title = "{Rotation of the Andromeda Nebula from a Spectroscopic Survey of Emission Regions}",
  journal = {\apj},
     year = 1970,
    month = feb,
   volume = 159,
    pages = {379},
      doi = {10.1086/150317},
   adsurl = {http://adsabs.harvard.edu/abs/1970ApJ...159..379R},
  adsnote = {Provided by the SAO/NASA Astrophysics Data System}
}

@ARTICLE{rubin1983,
   author = {{Rubin}, V.~C.},
    title = "{Dark matter in spiral galaxies}",
  journal = {Scientific American},
 keywords = {Dark Matter, Galactic Nuclei, Galactic Rotation, Mass Distribution, Spiral Galaxies, Doppler Effect, Emission Spectra, Galactic Mass, Galactic Structure, Kepler Laws, Luminosity, Velocity Distribution},
     year = 1983,
    month = jun,
   volume = 248,
    pages = {96-106},
      doi = {10.1038/scientificamerican0683-96},
   adsurl = {http://adsabs.harvard.edu/abs/1983SciAm.248f..96R},
  adsnote = {Provided by the SAO/NASA Astrophysics Data System}
}



@ARTICLE{bosma1981,
   author = {{Bosma}, A.},
    title = "{21-cm line studies of spiral galaxies. I - Observations of the galaxies NGC 5033, 3198, 5055, 2841, and 7331. II - The distribution and kinematics of neutral hydrogen in spiral galaxies of various morphological types}",
  journal = {\aj},
 keywords = {Astronomical Maps, Hydrogen, Kinematics, Line Spectra, Neutral Gases, Radio Galaxies, Spiral Galaxies, Angular Resolution, Astronomical Models, Contours, Data Processing, Mass Distribution, Radial Velocity, Radio Telescopes},
     year = 1981,
    month = dec,
   volume = 86,
    pages = {1791-1846},
      doi = {10.1086/113062},
   adsurl = {http://adsabs.harvard.edu/abs/1981AJ.....86.1791B},
  adsnote = {Provided by the SAO/NASA Astrophysics Data System}
}


@ARTICLE{kahn1959,
   author = {{Kahn}, F.~D. and {Woltjer}, L.},
    title = "{Intergalactic Matter and the Galaxy.}",
  journal = {\apj},
     year = 1959,
    month = nov,
   volume = 130,
    pages = {705},
      doi = {10.1086/146762},
   adsurl = {http://adsabs.harvard.edu/abs/1959ApJ...130..705K},
  adsnote = {Provided by the SAO/NASA Astrophysics Data System}
}


@ARTICLE{martinsson2013,
   author = {{Martinsson}, T.~P.~K. and {Verheijen}, M.~A.~W. and {Westfall}, K.~B. and 
	{Bershady}, M.~A. and {Andersen}, D.~R. and {Swaters}, R.~A.
	},
    title = "{The DiskMass Survey. VII. The distribution of luminous and dark matter in spiral galaxies}",
  journal = {\aap},
archivePrefix = "arXiv",
   eprint = {1308.0336},
 keywords = {techniques: imaging spectroscopy, galaxies: spiral, galaxies: structure, galaxies: kinematics and dynamics, galaxies: fundamental parameters},
     year = 2013,
    month = sep,
   volume = 557,
      eid = {A131},
    pages = {A131},
      doi = {10.1051/0004-6361/201321390},
   adsurl = {http://adsabs.harvard.edu/abs/2013A%26A...557A.131M},
  adsnote = {Provided by the SAO/NASA Astrophysics Data System}
}

@ARTICLE{ruel2014,
   author = {{Ruel}, J. and {Bazin}, G. and {Bayliss}, M. and {Brodwin}, M. and 
	{Foley}, R.~J. and {Stalder}, B. and {Aird}, K.~A. and {Armstrong}, R. and 
	{Ashby}, M.~L.~N. and {Bautz}, M. and {Benson}, B.~A. and {Bleem}, L.~E. and 
	{Bocquet}, S. and {Carlstrom}, J.~E. and {Chang}, C.~L. and 
	{Chapman}, S.~C. and {Cho}, H.~M. and {Clocchiatti}, A. and 
	{Crawford}, T.~M. and {Crites}, A.~T. and {de Haan}, T. and 
	{Desai}, S. and {Dobbs}, M.~A. and {Dudley}, J.~P. and {Forman}, W.~R. and 
	{George}, E.~M. and {Gladders}, M.~D. and {Gonzalez}, A.~H. and 
	{Halverson}, N.~W. and {Harrington}, N.~L. and {High}, F.~W. and 
	{Holder}, G.~P. and {Holzapfel}, W.~L. and {Hrubes}, J.~D. and 
	{Jones}, C. and {Joy}, M. and {Keisler}, R. and {Knox}, L. and 
	{Lee}, A.~T. and {Leitch}, E.~M. and {Liu}, J. and {Lueker}, M. and 
	{Luong-Van}, D. and {Mantz}, A. and {Marrone}, D.~P. and {McDonald}, M. and 
	{McMahon}, J.~J. and {Mehl}, J. and {Meyer}, S.~S. and {Mocanu}, L. and 
	{Mohr}, J.~J. and {Montroy}, T.~E. and {Murray}, S.~S. and {Natoli}, T. and 
	{Nurgaliev}, D. and {Padin}, S. and {Plagge}, T. and {Pryke}, C. and 
	{Reichardt}, C.~L. and {Rest}, A. and {Ruhl}, J.~E. and {Saliwanchik}, B.~R. and 
	{Saro}, A. and {Sayre}, J.~T. and {Schaffer}, K.~K. and {Shaw}, L. and 
	{Shirokoff}, E. and {Song}, J. and {{\v S}uhada}, R. and {Spieler}, H.~G. and 
	{Stanford}, S.~A. and {Staniszewski}, Z. and {Starsk}, A.~A. and 
	{Story}, K. and {Stubbs}, C.~W. and {van Engelen}, A. and {Vanderlinde}, K. and 
	{Vieira}, J.~D. and {Vikhlinin}, A. and {Williamson}, R. and 
	{Zahn}, O. and {Zenteno}, A.},
    title = "{Optical Spectroscopy and Velocity Dispersions of Galaxy Clusters from the SPT-SZ Survey}",
  journal = {\apj},
archivePrefix = "arXiv",
   eprint = {1311.4953},
 keywords = {catalogs, galaxies: clusters: general },
     year = 2014,
    month = sep,
   volume = 792,
      eid = {45},
    pages = {45},
      doi = {10.1088/0004-637X/792/1/45},
   adsurl = {http://adsabs.harvard.edu/abs/2014ApJ...792...45R},
  adsnote = {Provided by the SAO/NASA Astrophysics Data System}
}


@ARTICLE{zwicky1937,
   author = {{Zwicky}, F.},
    title = "{On the Masses of Nebulae and of Clusters of Nebulae}",
  journal = {\apj},
     year = 1937,
    month = oct,
   volume = 86,
    pages = {217},
      doi = {10.1086/143864},
   adsurl = {http://adsabs.harvard.edu/abs/1937ApJ....86..217Z},
  adsnote = {Provided by the SAO/NASA Astrophysics Data System}
}


@ARTICLE{rines2013,
   author = {{Rines}, K. and {Geller}, M.~J. and {Diaferio}, A. and {Kurtz}, M.~J.
	},
    title = "{Measuring the Ultimate Halo Mass of Galaxy Clusters: Redshifts and Mass Profiles from the Hectospec Cluster Survey (HeCS)}",
  journal = {\apj},
archivePrefix = "arXiv",
   eprint = {1209.3786},
 keywords = {cosmology: observations, galaxies: clusters: general, galaxies: kinematics and dynamics},
     year = 2013,
    month = apr,
   volume = 767,
      eid = {15},
    pages = {15},
      doi = {10.1088/0004-637X/767/1/15},
   adsurl = {http://adsabs.harvard.edu/abs/2013ApJ...767...15R},
  adsnote = {Provided by the SAO/NASA Astrophysics Data System}
}

% Particle dark matter

@ARTICLE{bertone2005,
   author = {{Bertone}, G. and {Hooper}, D. and {Silk}, J.},
    title = "{Particle dark matter: evidence, candidates and constraints}",
  journal = {\physrep},
   eprint = {hep-ph/0404175},
     year = 2005,
    month = jan,
   volume = 405,
    pages = {279-390},
      doi = {10.1016/j.physrep.2004.08.031},
   adsurl = {http://adsabs.harvard.edu/abs/2005PhR...405..279B},
  adsnote = {Provided by the SAO/NASA Astrophysics Data System}
}

@ARTICLE{bertone2018,
   author = {{Bertone}, G. and {Tait}, T.~M.~P.},
    title = "{A new era in the search for dark matter}",
  journal = {\nat},
archivePrefix = "arXiv",
   eprint = {1810.01668},
     year = 2018,
    month = oct,
   volume = 562,
    pages = {51-56},
      doi = {10.1038/s41586-018-0542-z},
   adsurl = {http://adsabs.harvard.edu/abs/2018Natur.562...51B},
  adsnote = {Provided by the SAO/NASA Astrophysics Data System}
}



% BAO measurements

@ARTICLE{eisenstein2005,
   author = {{Eisenstein}, D.~J. and {Zehavi}, I. and {Hogg}, D.~W. and {Scoccimarro}, R. and 
	{Blanton}, M.~R. and {Nichol}, R.~C. and {Scranton}, R. and 
	{Seo}, H.-J. and {Tegmark}, M. and {Zheng}, Z. and {Anderson}, S.~F. and 
	{Annis}, J. and {Bahcall}, N. and {Brinkmann}, J. and {Burles}, S. and 
	{Castander}, F.~J. and {Connolly}, A. and {Csabai}, I. and {Doi}, M. and 
	{Fukugita}, M. and {Frieman}, J.~A. and {Glazebrook}, K. and 
	{Gunn}, J.~E. and {Hendry}, J.~S. and {Hennessy}, G. and {Ivezi{\'c}}, Z. and 
	{Kent}, S. and {Knapp}, G.~R. and {Lin}, H. and {Loh}, Y.-S. and 
	{Lupton}, R.~H. and {Margon}, B. and {McKay}, T.~A. and {Meiksin}, A. and 
	{Munn}, J.~A. and {Pope}, A. and {Richmond}, M.~W. and {Schlegel}, D. and 
	{Schneider}, D.~P. and {Shimasaku}, K. and {Stoughton}, C. and 
	{Strauss}, M.~A. and {SubbaRao}, M. and {Szalay}, A.~S. and 
	{Szapudi}, I. and {Tucker}, D.~L. and {Yanny}, B. and {York}, D.~G.
	},
    title = "{Detection of the Baryon Acoustic Peak in the Large-Scale Correlation Function of SDSS Luminous Red Galaxies}",
  journal = {\apj},
   eprint = {astro-ph/0501171},
 keywords = {Cosmology: Cosmic Microwave Background, Cosmology: Cosmological Parameters, Cosmology: Observations, Cosmology: Distance Scale, Galaxies: Elliptical and Lenticular, cD, Cosmology: Large-Scale Structure of Universe},
     year = 2005,
    month = nov,
   volume = 633,
    pages = {560-574},
      doi = {10.1086/466512},
   adsurl = {http://adsabs.harvard.edu/abs/2005ApJ...633..560E},
  adsnote = {Provided by the SAO/NASA Astrophysics Data System}
}

@ARTICLE{blake2011,
   author = {{Blake}, C. and {Davis}, T. and {Poole}, G.~B. and {Parkinson}, D. and 
	{Brough}, S. and {Colless}, M. and {Contreras}, C. and {Couch}, W. and 
	{Croom}, S. and {Drinkwater}, M.~J. and {Forster}, K. and {Gilbank}, D. and 
	{Gladders}, M. and {Glazebrook}, K. and {Jelliffe}, B. and {Jurek}, R.~J. and 
	{Li}, I.-H. and {Madore}, B. and {Martin}, D.~C. and {Pimbblet}, K. and 
	{Pracy}, M. and {Sharp}, R. and {Wisnioski}, E. and {Woods}, D. and 
	{Wyder}, T.~K. and {Yee}, H.~K.~C.},
    title = "{The WiggleZ Dark Energy Survey: testing the cosmological model with baryon acoustic oscillations at z= 0.6}",
  journal = {\mnras},
archivePrefix = "arXiv",
   eprint = {1105.2862},
 keywords = {surveys, cosmological parameters, dark energy, large-scale structure of Universe},
     year = 2011,
    month = aug,
   volume = 415,
    pages = {2892-2909},
      doi = {10.1111/j.1365-2966.2011.19077.x},
   adsurl = {http://adsabs.harvard.edu/abs/2011MNRAS.415.2892B},
  adsnote = {Provided by the SAO/NASA Astrophysics Data System}
}


% CMB measurements

@ARTICLE{spergel2003,
   author = {{Spergel}, D.~N. and {Verde}, L. and {Peiris}, H.~V. and {Komatsu}, E. and 
	{Nolta}, M.~R. and {Bennett}, C.~L. and {Halpern}, M. and {Hinshaw}, G. and 
	{Jarosik}, N. and {Kogut}, A. and {Limon}, M. and {Meyer}, S.~S. and 
	{Page}, L. and {Tucker}, G.~S. and {Weiland}, J.~L. and {Wollack}, E. and 
	{Wright}, E.~L.},
    title = "{First-Year Wilkinson Microwave Anisotropy Probe (WMAP) Observations: Determination of Cosmological Parameters}",
  journal = {\apjs},
   eprint = {astro-ph/0302209},
 keywords = {Cosmology: Cosmic Microwave Background, Cosmology: Cosmological Parameters- Cosmology: Observations, Cosmology: Early Universe},
     year = 2003,
    month = sep,
   volume = 148,
    pages = {175-194},
      doi = {10.1086/377226},
   adsurl = {http://adsabs.harvard.edu/abs/2003ApJS..148..175S},
  adsnote = {Provided by the SAO/NASA Astrophysics Data System}
}

@ARTICLE{hinshaw2013,
       author = {{Hinshaw}, G. and {Larson}, D. and {Komatsu}, E. and {Spergel}, D.~N.
        and {Bennett}, C.~L. and {Dunkley}, J. and {Nolta}, M.~R. and
        {Halpern}, M. and {Hill}, R.~S. and {Odegard}, N. and {Page}, L.
        and {Smith}, K.~M. and {Weiland}, J.~L. and {Gold}, B. and
        {Jarosik}, N. and {Kogut}, A. and {Limon}, M. and {Meyer}, S.~S.
        and {Tucker}, G.~S. and {Wollack}, E. and {Wright}, E.~L.},
        title = "{Nine-year Wilkinson Microwave Anisotropy Probe (WMAP) Observations: Cosmological Parameter Results}",
      journal = {The Astrophysical Journal Supplement Series},
     keywords = {cosmic background radiation, cosmology: observations, dark matter, early universe, instrumentation: detectors, space vehicles, space vehicles: instruments, telescopes, Astrophysics - Cosmology and Nongalactic Astrophysics},
         year = 2013,
        month = Oct,
       volume = {208},
          eid = {19},
        pages = {19},
          doi = {10.1088/0067-0049/208/2/19},
archivePrefix = {arXiv},
       eprint = {1212.5226},
 primaryClass = {astro-ph.CO},
       adsurl = {https://ui.adsabs.harvard.edu/\#abs/2013ApJS..208...19H},
      adsnote = {Provided by the SAO/NASA Astrophysics Data System}
}



% Cold Dark matter

@ARTICLE{viel2013,
       author = {{Viel}, Matteo and {Becker}, George D. and {Bolton}, James S. and
        {Haehnelt}, Martin G.},
        title = "{Warm dark matter as a solution to the small scale crisis: New constraints from high redshift Lyman-{\ensuremath{\alpha}} forest data}",
      journal = {\prd},
     keywords = {98.80.Cq, 95.35.+d, 98.62.Ra, Particle-theory and field-theory models of the early Universe, Dark matter, Intergalactic matter, quasar absorption and emission-line systems, Lyman forest, Astrophysics - Cosmology and Nongalactic Astrophysics},
         year = 2013,
        month = Aug,
       volume = {88},
          eid = {043502},
        pages = {043502},
          doi = {10.1103/PhysRevD.88.043502},
archivePrefix = {arXiv},
       eprint = {1306.2314},
 primaryClass = {astro-ph.CO},
       adsurl = {https://ui.adsabs.harvard.edu/\#abs/2013PhRvD..88d3502V},
      adsnote = {Provided by the SAO/NASA Astrophysics Data System}
}



% Emergent Gravity

@ARTICLE{verlinde2011,
   author = {{Verlinde}, E.},
    title = "{On the origin of gravity and the laws of Newton}",
  journal = {Journal of High Energy Physics},
archivePrefix = "arXiv",
   eprint = {1001.0785},
 primaryClass = "hep-th",
 keywords = {Gauge-gravity correspondence, Models of Quantum Gravity},
     year = 2011,
    month = apr,
   volume = 4,
      eid = {29},
    pages = {29},
      doi = {10.1007/JHEP04(2011)029},
   adsurl = {http://adsabs.harvard.edu/abs/2011JHEP...04..029V},
  adsnote = {Provided by the SAO/NASA Astrophysics Data System}
}

@ARTICLE{verlinde2016,
   author = {{Verlinde}, E.~P.},
    title = "{Emergent Gravity and the Dark Universe}",
  journal = {ArXiv e-prints},
archivePrefix = "arXiv",
   eprint = {1611.02269},
 primaryClass = "hep-th",
 keywords = {High Energy Physics - Theory},
     year = 2016,
    month = nov,
   adsurl = {http://adsabs.harvard.edu/abs/2016arXiv161102269V},
  adsnote = {Provided by the SAO/NASA Astrophysics Data System}
}



@ARTICLE{bekenstein1973,
   author = {{Bekenstein}, J.~D.},
    title = "{Black Holes and Entropy}",
  journal = {\prd},
     year = 1973,
    month = apr,
   volume = 7,
    pages = {2333-2346},
      doi = {10.1103/PhysRevD.7.2333},
   adsurl = {http://adsabs.harvard.edu/abs/1973PhRvD...7.2333B},
  adsnote = {Provided by the SAO/NASA Astrophysics Data System}
}

@ARTICLE{maldacena1999,
   author = {{Maldacena}, J.},
    title = "{The Large-N Limit of Superconformal Field Theories and Supergravity}",
  journal = {IJTP},
   eprint = {hep-th/9711200},
     year = 1999,
   volume = 38,
    pages = {1113-1133},
      doi = {10.1023/A:1026654312961},
   adsurl = {http://adsabs.harvard.edu/abs/1999IJTP...38.1113M},
  adsnote = {Provided by the SAO/NASA Astrophysics Data System}
}


@ARTICLE{gibbons1977,
   author = {{Gibbons}, G.~W. and {Hawking}, S.~W.},
    title = "{Cosmological event horizons, thermodynamics, and particle creation}",
  journal = {\prd},
 keywords = {Astronomical Models, Black Holes (Astronomy), Cosmology, Entropy, Particle Production, Thermodynamics, Background Radiation, Horizon, Radiation Absorption, Radiative Transfer, Thermal Radiation},
     year = 1977,
    month = may,
   volume = 15,
    pages = {2738-2751},
      doi = {10.1103/PhysRevD.15.2738},
   adsurl = {http://adsabs.harvard.edu/abs/1977PhRvD..15.2738G},
  adsnote = {Provided by the SAO/NASA Astrophysics Data System}
}

@ARTICLE{jacobson1995,
   author = {{Jacobson}, T.},
    title = "{Thermodynamics of Spacetime: The Einstein Equation of State}",
  journal = {Physical Review Letters},
   eprint = {gr-qc/9504004},
     year = 1995,
    month = aug,
   volume = 75,
    pages = {1260-1263},
      doi = {10.1103/PhysRevLett.75.1260},
   adsurl = {http://adsabs.harvard.edu/abs/1995PhRvL..75.1260J},
  adsnote = {Provided by the SAO/NASA Astrophysics Data System}
}

@ARTICLE{padmanabhan2010,
   author = {{Padmanabhan}, T.},
    title = "{Thermodynamical aspects of gravity: new insights}",
  journal = {Reports on Progress in Physics},
archivePrefix = "arXiv",
   eprint = {0911.5004},
 primaryClass = "gr-qc",
     year = 2010,
    month = apr,
   volume = 73,
   number = 4,
      eid = {046901},
    pages = {046901},
      doi = {10.1088/0034-4885/73/4/046901},
   adsurl = {http://adsabs.harvard.edu/abs/2010RPPh...73d6901P},
  adsnote = {Provided by the SAO/NASA Astrophysics Data System}
}


@ARTICLE{faulkner2015,
   author = {{Faulkner}, T. and {Guica}, M. and {Hartman}, T. and {Myers}, R.~C. and 
	{Van Raamsdonk}, M.},
    title = "{Gravitation from entanglement in holographic CFTs}",
  journal = {Journal of High Energy Physics},
archivePrefix = "arXiv",
   eprint = {1312.7856},
 primaryClass = "hep-th",
 keywords = {Gauge-gravity correspondence, AdS-CFT Correspondence},
     year = 2014,
    month = mar,
   volume = 3,
      eid = {51},
    pages = {51},
      doi = {10.1007/JHEP03(2014)051},
   adsurl = {http://adsabs.harvard.edu/abs/2014JHEP...03..051F},
  adsnote = {Provided by the SAO/NASA Astrophysics Data System}
}


@ARTICLE{jacobson2016,
   author = {{Jacobson}, T.},
    title = "{Entanglement Equilibrium and the Einstein Equation}",
  journal = {Physical Review Letters},
archivePrefix = "arXiv",
   eprint = {1505.04753},
 primaryClass = "gr-qc",
     year = 2016,
    month = may,
   volume = 116,
   number = 20,
      eid = {201101},
    pages = {201101},
      doi = {10.1103/PhysRevLett.116.201101},
   adsurl = {http://adsabs.harvard.edu/abs/2016PhRvL.116t1101J},
  adsnote = {Provided by the SAO/NASA Astrophysics Data System}
}

% Modified Newtonian Dynamics (MOND)

@ARTICLE{milgrom1983,
   author = {{Milgrom}, M.},
    title = "{A modification of the Newtonian dynamics as a possible alternative to the hidden mass hypothesis}",
  journal = {\apj},
 keywords = {Cosmology, Galactic Structure, Nonrelativistic Mechanics, Stellar Motions, Particle Acceleration, Solar System},
     year = 1983,
    month = jul,
   volume = 270,
    pages = {365-370},
      doi = {10.1086/161130},
   adsurl = {http://adsabs.harvard.edu/abs/1983ApJ...270..365M},
  adsnote = {Provided by the SAO/NASA Astrophysics Data System}
}

@ARTICLE{milgrom2008,
   author = {{Milgrom}, M. and {Sanders}, R.~H.},
    title = "{Rings and Shells of ``Dark Matter'' as MOND Artifacts}",
  journal = {\apj},
archivePrefix = "arXiv",
   eprint = {0709.2561},
 keywords = {dark matter, galaxies: clusters: general, galaxies: kinematics and dynamics},
     year = 2008,
    month = may,
   volume = 678,
    pages = {131-143},
      doi = {10.1086/529119},
   adsurl = {http://adsabs.harvard.edu/abs/2008ApJ...678..131M},
  adsnote = {Provided by the SAO/NASA Astrophysics Data System}
}

@ARTICLE{begeman1991,
   author = {{Begeman}, K.~G. and {Broeils}, A.~H. and {Sanders}, R.~H.},
    title = "{Extended rotation curves of spiral galaxies - Dark haloes and modified dynamics}",
  journal = {\mnras},
 keywords = {Galactic Mass, Galactic Rotation, Mass To Light Ratios, Spiral Galaxies, Dwarf Galaxies, Galactic Structure, Halos},
     year = 1991,
    month = apr,
   volume = 249,
    pages = {523-537},
      doi = {10.1093/mnras/249.3.523},
   adsurl = {http://adsabs.harvard.edu/abs/1991MNRAS.249..523B},
  adsnote = {Provided by the SAO/NASA Astrophysics Data System}
}


%% Correlation between baryonic and dark matter

% Tully-Fisher relation
@ARTICLE{tully1977,
   author = {{Tully}, R.~B. and {Fisher}, J.~R.},
    title = "{A new method of determining distances to galaxies}",
  journal = {\aap},
 keywords = {Distance Measuring Equipment, H Lines, Luminous Intensity, Spectral Line Width, Spiral Galaxies, Telescopes, Astronomical Photometry, Calibrating, Galactic Clusters, Galactic Structure, Hubble Diagram, Synoptic Measurement},
     year = 1977,
    month = feb,
   volume = 54,
    pages = {661-673},
   adsurl = {http://adsabs.harvard.edu/abs/1977A%26A....54..661T},
  adsnote = {Provided by the SAO/NASA Astrophysics Data System}
}

@ARTICLE{pierce1988,
   author = {{Pierce}, M.~J. and {Tully}, R.~B.},
    title = "{Distances to the Virgo and Ursa Major clusters and a determination of H0}",
  journal = {\apj},
 keywords = {Astrometry, Galactic Clusters, Hubble Constant, Virgo Galactic Cluster, Astronomical Photometry, Calibrating, Centimeter Waves, Distance, Luminosity, Magnitude, Radio Astronomy, Spectral Line Width, Spiral Galaxies},
     year = 1988,
    month = jul,
   volume = 330,
    pages = {579-581},
      doi = {10.1086/166495},
   adsurl = {http://adsabs.harvard.edu/abs/1988ApJ...330..579P},
  adsnote = {Provided by the SAO/NASA Astrophysics Data System}
}

@ARTICLE{bernstein1994,
   author = {{Bernstein}, G.~M. and {Guhathakurta}, P. and {Raychaudhury}, S. and 
	{Giovanelli}, R. and {Haynes}, M.~P. and {Herter}, T. and {Vogt}, N.~P.
	},
    title = "{Tests of the Tully-Fisher relation. 1: Scatter in infrared magnitude versus 21 CM width}",
  journal = {\aj},
 keywords = {Astronomical Photometry, Galactic Clusters, Infrared Imagery, Near Infrared Radiation, Spiral Galaxies, Astronomical Observatories, Red Shift, Velocity Distribution},
     year = 1994,
    month = jun,
   volume = 107,
    pages = {1962-1976},
      doi = {10.1086/117008},
   adsurl = {http://adsabs.harvard.edu/abs/1994AJ....107.1962B},
  adsnote = {Provided by the SAO/NASA Astrophysics Data System}
}

@ARTICLE{mcgaugh2000,
   author = {{McGaugh}, S.~S. and {Schombert}, J.~M. and {Bothun}, G.~D. and 
	{de Blok}, W.~J.~G.},
    title = "{The Baryonic Tully-Fisher Relation}",
  journal = {\apjl},
   eprint = {astro-ph/0003001},
 keywords = {COSMOLOGY: DARK MATTER, GALAXIES: DWARF, GALAXIES: FORMATION, GALAXIES: FUNDAMENTAL PARAMETERS, GALAXIES: KINEMATICS AND DYNAMICS, GALAXIES: SPIRAL},
     year = 2000,
    month = apr,
   volume = 533,
    pages = {L99-L102},
      doi = {10.1086/312628},
   adsurl = {http://adsabs.harvard.edu/abs/2000ApJ...533L..99M},
  adsnote = {Provided by the SAO/NASA Astrophysics Data System}
}

@ARTICLE{mcgaugh2012,
       author = {{McGaugh}, Stacy S.},
        title = "{The Baryonic Tully-Fisher Relation of Gas-rich Galaxies as a Test of {\ensuremath{\Lambda}}CDM and MOND}",
      journal = {\aj},
     keywords = {galaxies: dwarf, galaxies: irregular, galaxies: kinematics and dynamics, galaxies: spiral, Astrophysics - Cosmology and Nongalactic Astrophysics},
         year = 2012,
        month = Feb,
       volume = {143},
          eid = {40},
        pages = {40},
          doi = {10.1088/0004-6256/143/2/40},
archivePrefix = {arXiv},
       eprint = {1107.2934},
 primaryClass = {astro-ph.CO},
       adsurl = {https://ui.adsabs.harvard.edu/\#abs/2012AJ....143...40M},
      adsnote = {Provided by the SAO/NASA Astrophysics Data System}
}

% MDA relation


@ARTICLE{sanders1986,
   author = {{Sanders}, R.~H.},
    title = "{Alternatives to dark matter}",
  journal = {\mnras},
 keywords = {Dark Matter, Galactic Rotation, Gravitation Theory, Rotating Disks, Spiral Galaxies, Kepler Laws, Mass To Light Ratios, Newton Theory, Relativistic Theory, Supergravity},
     year = 1986,
    month = dec,
   volume = 223,
    pages = {539-555},
      doi = {10.1093/mnras/223.3.539},
   adsurl = {http://adsabs.harvard.edu/abs/1986MNRAS.223..539S},
  adsnote = {Provided by the SAO/NASA Astrophysics Data System}
}


@ARTICLE{sanders1996,
       author = {{Sanders}, R.~H.},
        title = "{The Published Extended Rotation Curves of Spiral Galaxies: Confrontation with Modified Dynamics}",
      journal = {\apj},
     keywords = {GALAXIES: KINEMATICS AND DYNAMICS, GALAXIES: SPIRAL, GRAVITATION, RADIO LINES: GALAXIES, Astrophysics},
         year = 1996,
        month = Dec,
       volume = {473},
        pages = {117},
          doi = {10.1086/178131},
archivePrefix = {arXiv},
       eprint = {astro-ph/9606089},
 primaryClass = {astro-ph},
       adsurl = {https://ui.adsabs.harvard.edu/\#abs/1996ApJ...473..117S},
      adsnote = {Provided by the SAO/NASA Astrophysics Data System}
}

@ARTICLE{mcgaugh2004,
   author = {{McGaugh}, S.~S.},
    title = "{The Mass Discrepancy-Acceleration Relation: Disk Mass and the Dark Matter Distribution}",
  journal = {\apj},
   eprint = {astro-ph/0403610},
 keywords = {Cosmology: Dark Matter, Galaxies: Kinematics and Dynamics, Galaxies: Spiral},
     year = 2004,
    month = jul,
   volume = 609,
    pages = {652-666},
      doi = {10.1086/421338},
   adsurl = {http://adsabs.harvard.edu/abs/2004ApJ...609..652M},
  adsnote = {Provided by the SAO/NASA Astrophysics Data System}
}

@ARTICLE{sanders2007,
   author = {{Sanders}, R.~H. and {Noordermeer}, E.},
    title = "{Confrontation of MOdified Newtonian Dynamics with the rotation curves of early-type disc galaxies}",
  journal = {\mnras},
   eprint = {astro-ph/0703352},
 keywords = {gravitation, galaxies: kinematics and dynamics, galaxies: structure, dark matter},
     year = 2007,
    month = aug,
   volume = 379,
    pages = {702-710},
      doi = {10.1111/j.1365-2966.2007.11981.x},
   adsurl = {http://adsabs.harvard.edu/abs/2007MNRAS.379..702S},
  adsnote = {Provided by the SAO/NASA Astrophysics Data System}
}

@ARTICLE{wu2015,
   author = {{Wu}, X. and {Kroupa}, P.},
    title = "{Galactic rotation curves, the baryon-to-dark-halo-mass relation and space-time scale invariance}",
  journal = {\mnras},
archivePrefix = "arXiv",
   eprint = {1410.2256},
 keywords = {gravitation, galaxies: general, galaxies: kinematics and dynamics, galaxies: stellar content},
     year = 2015,
    month = jan,
   volume = 446,
    pages = {330-344},
      doi = {10.1093/mnras/stu2099},
   adsurl = {http://adsabs.harvard.edu/abs/2015MNRAS.446..330W},
  adsnote = {Provided by the SAO/NASA Astrophysics Data System}
}

% The Radial Acceleration Relation (RAR)

@ARTICLE{mcgaugh2016,
   author = {{McGaugh}, S.~S. and {Lelli}, F. and {Schombert}, J.~M.},
    title = "{Radial Acceleration Relation in Rotationally Supported Galaxies}",
  journal = {Physical Review Letters},
archivePrefix = "arXiv",
   eprint = {1609.05917},
     year = 2016,
    month = nov,
   volume = 117,
   number = 20,
      eid = {201101},
    pages = {201101},
      doi = {10.1103/PhysRevLett.117.201101},
   adsurl = {http://adsabs.harvard.edu/abs/2016PhRvL.117t1101M},
  adsnote = {Provided by the SAO/NASA Astrophysics Data System}
}

@ARTICLE{lelli2016b,
   author = {{Lelli}, F. and {McGaugh}, S.~S. and {Schombert}, J.~M.},
    title = "{SPARC: Mass Models for 175 Disk Galaxies with Spitzer Photometry and Accurate Rotation Curves}",
  journal = {\aj},
archivePrefix = "arXiv",
   eprint = {1606.09251},
 keywords = {dark matter, galaxies: dwarf, galaxies: irregular, galaxies: kinematics and dynamics, galaxies: spiral, galaxies: structure},
     year = 2016,
    month = dec,
   volume = 152,
      eid = {157},
    pages = {157},
      doi = {10.3847/0004-6256/152/6/157},
   adsurl = {http://adsabs.harvard.edu/abs/2016AJ....152..157L},
  adsnote = {Provided by the SAO/NASA Astrophysics Data System}
}

@ARTICLE{navarro2017,
   author = {{Navarro}, J.~F. and {Ben{\'{\i}}tez-Llambay}, A. and {Fattahi}, A. and 
	{Frenk}, C.~S. and {Ludlow}, A.~D. and {Oman}, K.~A. and {Schaller}, M. and 
	{Theuns}, T.},
    title = "{The origin of the mass discrepancy-acceleration relation in {$\Lambda$}CDM}",
  journal = {\mnras},
archivePrefix = "arXiv",
   eprint = {1612.06329},
 keywords = {galaxies: formation, galaxies: fundamental parameters, galaxies: kinematics and dynamics, galaxies: structure, dark matter},
     year = 2017,
    month = oct,
   volume = 471,
    pages = {1841-1848},
      doi = {10.1093/mnras/stx1705},
   adsurl = {http://adsabs.harvard.edu/abs/2017MNRAS.471.1841N},
  adsnote = {Provided by the SAO/NASA Astrophysics Data System}
}

@ARTICLE{keller2017,
       author = {{Keller}, B.~W. and {Wadsley}, J.~W.},
        title = "{{\ensuremath{\Lambda}}CDM is Consistent with SPARC Radial Acceleration Relation}",
      journal = {\apj},
     keywords = {dark matter, galaxies: evolution, galaxies: kinematics and dynamics, gravitation, Astrophysics - Astrophysics of Galaxies},
         year = 2017,
        month = Jan,
       volume = {835},
          eid = {L17},
        pages = {L17},
          doi = {10.3847/2041-8213/835/1/L17},
archivePrefix = {arXiv},
       eprint = {1610.06183},
 primaryClass = {astro-ph.GA},
       adsurl = {https://ui.adsabs.harvard.edu/\#abs/2017ApJ...835L..17K},
      adsnote = {Provided by the SAO/NASA Astrophysics Data System}
}

@ARTICLE{desmond2017,
       author = {{Desmond}, Harry},
        title = "{A statistical investigation of the mass discrepancy-acceleration relation}",
      journal = {\mnras},
     keywords = {galaxies: formation, galaxies: fundamental parameters, galaxies: haloes, galaxies: kinematics and dynamics, dark matter, Astrophysics - Astrophysics of Galaxies, Astrophysics - Cosmology and Nongalactic Astrophysics},
         year = 2017,
        month = Feb,
       volume = {464},
        pages = {4160-4175},
          doi = {10.1093/mnras/stw2571},
archivePrefix = {arXiv},
       eprint = {1607.01800},
 primaryClass = {astro-ph.GA},
       adsurl = {https://ui.adsabs.harvard.edu/\#abs/2017MNRAS.464.4160D},
      adsnote = {Provided by the SAO/NASA Astrophysics Data System}
}

@ARTICLE{ludlow2017,
       author = {{Ludlow}, Aaron D. and {Ben{\'\i}tez-Llambay}, Alejandro and {Schaller},
        Matthieu and {Theuns}, Tom and {Frenk}, Carlos S. and {Bower},
        Richard and {Schaye}, Joop and {Crain}, Robert A. and {Navarro},
        Julio F. and {Fattahi}, Azadeh and {Oman}, Kyle A.},
        title = "{Mass-Discrepancy Acceleration Relation: A Natural Outcome of Galaxy Formation in Cold Dark Matter Halos}",
      journal = {\prl},
     keywords = {Astrophysics - Astrophysics of Galaxies, Astrophysics - Cosmology and Nongalactic Astrophysics},
         year = 2017,
        month = Apr,
       volume = {118},
          eid = {161103},
        pages = {161103},
          doi = {10.1103/PhysRevLett.118.161103},
archivePrefix = {arXiv},
       eprint = {1610.07663},
 primaryClass = {astro-ph.GA},
       adsurl = {https://ui.adsabs.harvard.edu/\#abs/2017PhRvL.118p1103L},
      adsnote = {Provided by the SAO/NASA Astrophysics Data System}
}


% Canada-France-Hawaii Telescope Lensing Survey

@ARTICLE{erben2013,
   author = {{Erben}, T. and {Hildebrandt}, H. and {Miller}, L. and {van Waerbeke}, L. and 
	{Heymans}, C. and {Hoekstra}, H. and {Kitching}, T.~D. and {Mellier}, Y. and 
	{Benjamin}, J. and {Blake}, C. and {Bonnett}, C. and {Cordes}, O. and 
	{Coupon}, J. and {Fu}, L. and {Gavazzi}, R. and {Gillis}, B. and 
	{Grocutt}, E. and {Gwyn}, S.~D.~J. and {Holhjem}, K. and {Hudson}, M.~J. and 
	{Kilbinger}, M. and {Kuijken}, K. and {Milkeraitis}, M. and 
	{Rowe}, B.~T.~P. and {Schrabback}, T. and {Semboloni}, E. and 
	{Simon}, P. and {Smit}, M. and {Toader}, O. and {Vafaei}, S. and 
	{van Uitert}, E. and {Velander}, M.},
    title = "{CFHTLenS: the Canada-France-Hawaii Telescope Lensing Survey - imaging data and catalogue products}",
  journal = {\mnras},
archivePrefix = "arXiv",
   eprint = {1210.8156},
 keywords = {methods: data analysis, cosmology: observations},
     year = 2013,
    month = aug,
   volume = 433,
    pages = {2545-2563},
      doi = {10.1093/mnras/stt928},
   adsurl = {http://adsabs.harvard.edu/abs/2013MNRAS.433.2545E},
  adsnote = {Provided by the SAO/NASA Astrophysics Data System}
}


@ARTICLE{geller1989,
   author = {{Geller}, M.~J. and {Huchra}, J.~P.},
    title = "{Mapping the universe}",
  journal = {Science},
 keywords = {Astronomical Maps, Galactic Structure, Hubble Constant, Universe, Cosmology, Emission Spectra, Line Of Sight, Line Spectra},
     year = 1989,
    month = nov,
   volume = 246,
    pages = {897-903},
      doi = {10.1126/science.246.4932.897},
   adsurl = {http://adsabs.harvard.edu/abs/1989Sci...246..897G},
  adsnote = {Provided by the SAO/NASA Astrophysics Data System}
}


@ARTICLE{colless2001,
   author = {{Colless}, M. and {Dalton}, G. and {Maddox}, S. and {Sutherland}, W. and 
	{Norberg}, P. and {Cole}, S. and {Bland-Hawthorn}, J. and {Bridges}, T. and 
	{Cannon}, R. and {Collins}, C. and {Couch}, W. and {Cross}, N. and 
	{Deeley}, K. and {De Propris}, R. and {Driver}, S.~P. and {Efstathiou}, G. and 
	{Ellis}, R.~S. and {Frenk}, C.~S. and {Glazebrook}, K. and {Jackson}, C. and 
	{Lahav}, O. and {Lewis}, I. and {Lumsden}, S. and {Madgwick}, D. and 
	{Peacock}, J.~A. and {Peterson}, B.~A. and {Price}, I. and {Seaborne}, M. and 
	{Taylor}, K.},
    title = "{The 2dF Galaxy Redshift Survey: spectra and redshifts}",
  journal = {\mnras},
   eprint = {astro-ph/0106498},
 keywords = {SURVEYS, GALAXIES: CLUSTERS: GENERAL, GALAXIES: DISTANCES AND REDSHIFTS, COSMOLOGY: OBSERVATIONS, LARGE-SCALE STRUCTURE OF UNIVERSE},
     year = 2001,
    month = dec,
   volume = 328,
    pages = {1039-1063},
      doi = {10.1046/j.1365-8711.2001.04902.x},
   adsurl = {http://adsabs.harvard.edu/abs/2001MNRAS.328.1039C},
  adsnote = {Provided by the SAO/NASA Astrophysics Data System}
}


% Intrinsic alignment

@ARTICLE{heymans2006,
   author = {{Heymans}, C. and {White}, M. and {Heavens}, A. and {Vale}, C. and 
	{van Waerbeke}, L.},
    title = "{Potential sources of contamination to weak lensing measurements: constraints from N-body simulations}",
  journal = {\mnras},
   eprint = {astro-ph/0604001},
 keywords = {gravitational lensing: cosmology: observations: large-scale structure of Universe, gravitational lensing, cosmology: observations, large-scale structure of Universe},
     year = 2006,
    month = sep,
   volume = 371,
    pages = {750-760},
      doi = {10.1111/j.1365-2966.2006.10705.x},
   adsurl = {http://adsabs.harvard.edu/abs/2006MNRAS.371..750H},
  adsnote = {Provided by the SAO/NASA Astrophysics Data System}
}

@ARTICLE{blazek2012,
   author = {{Blazek}, J. and {Mandelbaum}, R. and {Seljak}, U. and {Nakajima}, R.
	},
    title = "{Separating intrinsic alignment and galaxy-galaxy lensing}",
  journal = {\jcap},
archivePrefix = "arXiv",
   eprint = {1204.2264},
 primaryClass = "astro-ph.CO",
     year = 2012,
    month = may,
   volume = 5,
      eid = {041},
    pages = {041},
      doi = {10.1088/1475-7516/2012/05/041},
   adsurl = {http://adsabs.harvard.edu/abs/2012JCAP...05..041B},
  adsnote = {Provided by the SAO/NASA Astrophysics Data System}
}

% Random subtraction

@ARTICLE{singh2017,
   author = {{Singh}, S. and {Mandelbaum}, R. and {Seljak}, U. and {Slosar}, A. and 
	{Vazquez Gonzalez}, J.},
    title = "{Galaxy-galaxy lensing estimators and their covariance properties}",
  journal = {\mnras},
archivePrefix = "arXiv",
   eprint = {1611.00752},
 keywords = {gravitational lensing: weak, galaxies: evolution, large-scale structure of Universe, cosmology: observations},
     year = 2017,
    month = nov,
   volume = 471,
    pages = {3827-3844},
      doi = {10.1093/mnras/stx1828},
   adsurl = {http://adsabs.harvard.edu/abs/2017MNRAS.471.3827S},
  adsnote = {Provided by the SAO/NASA Astrophysics Data System}
}


% GAMA survey papers

@ARTICLE{driver2011,
   author = {{Driver}, S.~P. and {Hill}, D.~T. and {Kelvin}, L.~S. and {Robotham}, A.~S.~G. and 
	{Liske}, J. and {Norberg}, P. and {Baldry}, I.~K. and {Bamford}, S.~P. and 
	{Hopkins}, A.~M. and {Loveday}, J. and {Peacock}, J.~A. and 
	{Andrae}, E. and {Bland-Hawthorn}, J. and {Brough}, S. and {Brown}, M.~J.~I. and 
	{Cameron}, E. and {Ching}, J.~H.~Y. and {Colless}, M. and {Conselice}, C.~J. and 
	{Croom}, S.~M. and {Cross}, N.~J.~G. and {de Propris}, R. and 
	{Dye}, S. and {Drinkwater}, M.~J. and {Ellis}, S. and {Graham}, A.~W. and 
	{Grootes}, M.~W. and {Gunawardhana}, M. and {Jones}, D.~H. and 
	{van Kampen}, E. and {Maraston}, C. and {Nichol}, R.~C. and 
	{Parkinson}, H.~R. and {Phillipps}, S. and {Pimbblet}, K. and 
	{Popescu}, C.~C. and {Prescott}, M. and {Roseboom}, I.~G. and 
	{Sadler}, E.~M. and {Sansom}, A.~E. and {Sharp}, R.~G. and {Smith}, D.~J.~B. and 
	{Taylor}, E. and {Thomas}, D. and {Tuffs}, R.~J. and {Wijesinghe}, D. and 
	{Dunne}, L. and {Frenk}, C.~S. and {Jarvis}, M.~J. and {Madore}, B.~F. and 
	{Meyer}, M.~J. and {Seibert}, M. and {Staveley-Smith}, L. and 
	{Sutherland}, W.~J. and {Warren}, S.~J.},
    title = "{Galaxy and Mass Assembly (GAMA): survey diagnostics and core data release}",
  journal = {\mnras},
archivePrefix = "arXiv",
   eprint = {1009.0614},
 keywords = {surveys, galaxies: distances and redshifts, galaxies: fundamental parameters, galaxies: general, galaxies: statistics},
     year = 2011,
    month = may,
   volume = 413,
    pages = {971-995},
      doi = {10.1111/j.1365-2966.2010.18188.x},
   adsurl = {http://adsabs.harvard.edu/abs/2011MNRAS.413..971D},
  adsnote = {Provided by the SAO/NASA Astrophysics Data System}
}


@ARTICLE{liske2015,
   author = {{Liske}, J. and {Baldry}, I.~K. and {Driver}, S.~P. and {Tuffs}, R.~J. and 
	{Alpaslan}, M. and {Andrae}, E. and {Brough}, S. and {Cluver}, M.~E. and 
	{Grootes}, M.~W. and {Gunawardhana}, M.~L.~P. and {Kelvin}, L.~S. and 
	{Loveday}, J. and {Robotham}, A.~S.~G. and {Taylor}, E.~N. and 
	{Bamford}, S.~P. and {Bland-Hawthorn}, J. and {Brown}, M.~J.~I. and 
	{Drinkwater}, M.~J. and {Hopkins}, A.~M. and {Meyer}, M.~J. and 
	{Norberg}, P. and {Peacock}, J.~A. and {Agius}, N.~K. and {Andrews}, S.~K. and 
	{Bauer}, A.~E. and {Ching}, J.~H.~Y. and {Colless}, M. and {Conselice}, C.~J. and 
	{Croom}, S.~M. and {Davies}, L.~J.~M. and {De Propris}, R. and 
	{Dunne}, L. and {Eardley}, E.~M. and {Ellis}, S. and {Foster}, C. and 
	{Frenk}, C.~S. and {H{\"a}u{\ss}ler}, B. and {Holwerda}, B.~W. and 
	{Howlett}, C. and {Ibarra}, H. and {Jarvis}, M.~J. and {Jones}, D.~H. and 
	{Kafle}, P.~R. and {Lacey}, C.~G. and {Lange}, R. and {Lara-L{\'o}pez}, M.~A. and 
	{L{\'o}pez-S{\'a}nchez}, {\'A}.~R. and {Maddox}, S. and {Madore}, B.~F. and 
	{McNaught-Roberts}, T. and {Moffett}, A.~J. and {Nichol}, R.~C. and 
	{Owers}, M.~S. and {Palamara}, D. and {Penny}, S.~J. and {Phillipps}, S. and 
	{Pimbblet}, K.~A. and {Popescu}, C.~C. and {Prescott}, M. and 
	{Proctor}, R. and {Sadler}, E.~M. and {Sansom}, A.~E. and {Seibert}, M. and 
	{Sharp}, R. and {Sutherland}, W. and {V{\'a}zquez-Mata}, J.~A. and 
	{van Kampen}, E. and {Wilkins}, S.~M. and {Williams}, R. and 
	{Wright}, A.~H.},
    title = "{Galaxy And Mass Assembly (GAMA): end of survey report and data release 2}",
  journal = {\mnras},
archivePrefix = "arXiv",
   eprint = {1506.08222},
 keywords = {surveys, galaxies: distances and redshifts, galaxies: fundamental parameters, galaxies: general, galaxies: photometry, galaxies: statistics},
     year = 2015,
    month = sep,
   volume = 452,
    pages = {2087-2126},
      doi = {10.1093/mnras/stv1436},
   adsurl = {http://adsabs.harvard.edu/abs/2015MNRAS.452.2087L},
  adsnote = {Provided by the SAO/NASA Astrophysics Data System}
}


% GAMA galaxy catalogue paper

@article{robotham2011lenscat,
  title={Galaxy and Mass Assembly (GAMA): the GAMA galaxy group catalogue (G3Cv1)},
  author={Robotham, Aaron SG and Norberg, Peder and Driver, Simon P and Baldry, Ivan K and Bamford, Steven P and Hopkins, Andrew M and Liske, Jochen and Loveday, Jon and Merson, A and Peacock, John A and others},
  journal={\mnras},
  volume={416},
  number={4},
  pages={2640--2668},
  year={2011},
  publisher={Oxford University Press}
}

@ARTICLE{bower2006,
   author = {{Bower}, R.~G. and {Benson}, A.~J. and {Malbon}, R. and {Helly}, J.~C. and 
	{Frenk}, C.~S. and {Baugh}, C.~M. and {Cole}, S. and {Lacey}, C.~G.
	},
    title = "{Breaking the hierarchy of galaxy formation}",
  journal = {\mnras},
   eprint = {astro-ph/0511338},
 keywords = {galaxies: evolution: galaxies: formation: galaxies: luminosity function, galaxies: evolution, galaxies: formation, galaxies: luminosity function},
     year = 2006,
    month = aug,
   volume = 370,
    pages = {645-655},
      doi = {10.1111/j.1365-2966.2006.10519.x},
   adsurl = {http://adsabs.harvard.edu/abs/2006MNRAS.370..645B},
  adsnote = {Provided by the SAO/NASA Astrophysics Data System}
}


% Cosmological simulations

@ARTICLE{springel2005,
   author = {{Springel}, V. and {White}, S.~D.~M. and {Jenkins}, A. and {Frenk}, C.~S. and 
	{Yoshida}, N. and {Gao}, L. and {Navarro}, J. and {Thacker}, R. and 
	{Croton}, D. and {Helly}, J. and {Peacock}, J.~A. and {Cole}, S. and 
	{Thomas}, P. and {Couchman}, H. and {Evrard}, A. and {Colberg}, J. and 
	{Pearce}, F.},
    title = "{Simulations of the formation, evolution and clustering of galaxies and quasars}",
  journal = {\nat},
   eprint = {astro-ph/0504097},
     year = 2005,
    month = jun,
   volume = 435,
    pages = {629-636},
      doi = {10.1038/nature03597},
   adsurl = {http://adsabs.harvard.edu/abs/2005Natur.435..629S},
  adsnote = {Provided by the SAO/NASA Astrophysics Data System}
}

@ARTICLE{vogelsberger2014,
   author = {{Vogelsberger}, M. and {Genel}, S. and {Springel}, V. and {Torrey}, P. and 
	{Sijacki}, D. and {Xu}, D. and {Snyder}, G. and {Bird}, S. and 
	{Nelson}, D. and {Hernquist}, L.},
    title = "{Properties of galaxies reproduced by a hydrodynamic simulation}",
  journal = {\nat},
archivePrefix = "arXiv",
   eprint = {1405.1418},
     year = 2014,
    month = may,
   volume = 509,
    pages = {177-182},
      doi = {10.1038/nature13316},
   adsurl = {http://adsabs.harvard.edu/abs/2014Natur.509..177V},
  adsnote = {Provided by the SAO/NASA Astrophysics Data System}
}

@ARTICLE{schaye2015,
   author = {{Schaye}, J. and {Crain}, R.~A. and {Bower}, R.~G. and {Furlong}, M. and 
	{Schaller}, M. and {Theuns}, T. and {Dalla Vecchia}, C. and 
	{Frenk}, C.~S. and {McCarthy}, I.~G. and {Helly}, J.~C. and 
	{Jenkins}, A. and {Rosas-Guevara}, Y.~M. and {White}, S.~D.~M. and 
	{Baes}, M. and {Booth}, C.~M. and {Camps}, P. and {Navarro}, J.~F. and 
	{Qu}, Y. and {Rahmati}, A. and {Sawala}, T. and {Thomas}, P.~A. and 
	{Trayford}, J.},
    title = "{The EAGLE project: simulating the evolution and assembly of galaxies and their environments}",
  journal = {\mnras},
archivePrefix = "arXiv",
   eprint = {1407.7040},
 keywords = {methods: numerical, galaxies: evolution, galaxies: formation, cosmology: theory},
     year = 2015,
    month = jan,
   volume = 446,
    pages = {521-554},
      doi = {10.1093/mnras/stu2058},
   adsurl = {http://adsabs.harvard.edu/abs/2015MNRAS.446..521S},
  adsnote = {Provided by the SAO/NASA Astrophysics Data System}
}


% MICE simulations

@ARTICLE{fosalba2015b,
   author = {{Fosalba}, P. and {Crocce}, M. and {Gazta{\~n}aga}, E. and {Castander}, F.~J.
	},
    title = "{The MICE grand challenge lightcone simulation - I. Dark matter clustering}",
  journal = {\mnras},
archivePrefix = "arXiv",
   eprint = {1312.1707},
 keywords = {methods: numerical, galaxies: statistics, dark matter, large-scale structure of Universe},
     year = 2015,
    month = apr,
   volume = 448,
    pages = {2987-3000},
      doi = {10.1093/mnras/stv138},
   adsurl = {http://adsabs.harvard.edu/abs/2015MNRAS.448.2987F},
  adsnote = {Provided by the SAO/NASA Astrophysics Data System}
}

@ARTICLE{crocce2015,
   author = {{Crocce}, M. and {Castander}, F.~J. and {Gazta{\~n}aga}, E. and 
	{Fosalba}, P. and {Carretero}, J.},
    title = "{The MICE Grand Challenge lightcone simulation - II. Halo and galaxy catalogues}",
  journal = {\mnras},
archivePrefix = "arXiv",
   eprint = {1312.2013},
 keywords = {methods: numerical, cosmology: observations, dark energy, distance scale, large-scale structure of Universe},
     year = 2015,
    month = oct,
   volume = 453,
    pages = {1513-1530},
      doi = {10.1093/mnras/stv1708},
   adsurl = {http://adsabs.harvard.edu/abs/2015MNRAS.453.1513C},
  adsnote = {Provided by the SAO/NASA Astrophysics Data System}
}


@ARTICLE{fosalba2015a,
   author = {{Fosalba}, P. and {Gazta{\~n}aga}, E. and {Castander}, F.~J. and 
	{Crocce}, M.},
    title = "{The MICE Grand Challenge light-cone simulation - III. Galaxy lensing mocks from all-sky lensing maps}",
  journal = {\mnras},
archivePrefix = "arXiv",
   eprint = {1312.2947},
 keywords = {gravitational lensing: weak, methods: analytical, methods: numerical, galaxies: general, cosmology: theory, large-scale structure of Universe},
     year = 2015,
    month = feb,
   volume = 447,
    pages = {1319-1332},
      doi = {10.1093/mnras/stu2464},
   adsurl = {http://adsabs.harvard.edu/abs/2015MNRAS.447.1319F},
  adsnote = {Provided by the SAO/NASA Astrophysics Data System}
}


@ARTICLE{carretero2015,
   author = {{Carretero}, J. and {Castander}, F.~J. and {Gazta{\~n}aga}, E. and 
	{Crocce}, M. and {Fosalba}, P.},
    title = "{An algorithm to build mock galaxy catalogues using MICE simulations}",
  journal = {\mnras},
archivePrefix = "arXiv",
   eprint = {1411.3286},
 keywords = {Astronomical data bases, catalogues, galaxies: evolution, galaxies: haloes, large-scale structure of Universe},
     year = 2015,
    month = feb,
   volume = 447,
    pages = {646-670},
      doi = {10.1093/mnras/stu2402},
   adsurl = {http://adsabs.harvard.edu/abs/2015MNRAS.447..646C},
  adsnote = {Provided by the SAO/NASA Astrophysics Data System}
}

@ARTICLE{hoffmann2015,
   author = {{Hoffmann}, K. and {Bel}, J. and {Gazta{\~n}aga}, E. and {Crocce}, M. and 
	{Fosalba}, P. and {Castander}, F.~J.},
    title = "{Measuring the growth of matter fluctuations with third-order galaxy correlations}",
  journal = {\mnras},
archivePrefix = "arXiv",
   eprint = {1403.1259},
 keywords = {cosmology: miscellaneous, cosmology: observations, cosmology: theory, dark energy, dark matter, large-scale structure of Universe},
     year = 2015,
    month = feb,
   volume = 447,
    pages = {1724-1745},
      doi = {10.1093/mnras/stu2492},
   adsurl = {http://adsabs.harvard.edu/abs/2015MNRAS.447.1724H},
  adsnote = {Provided by the SAO/NASA Astrophysics Data System}
}

@ARTICLE{fosalba2008,
   author = {{Fosalba}, P. and {Gazta{\~n}aga}, E. and {Castander}, F.~J. and 
	{Manera}, M.},
    title = "{The onion universe: all sky lightcone simulations in spherical shells}",
  journal = {\mnras},
archivePrefix = "arXiv",
   eprint = {0711.1540},
 keywords = {methods: N-body simulations , galaxies: statistics , large-scale structure of Universe},
     year = 2008,
    month = nov,
   volume = 391,
    pages = {435-446},
      doi = {10.1111/j.1365-2966.2008.13910.x},
   adsurl = {http://adsabs.harvard.edu/abs/2008MNRAS.391..435F},
  adsnote = {Provided by the SAO/NASA Astrophysics Data System}
}

@INPROCEEDINGS{carretero2017,
      author         = "Carretero, Jorge and others",
      title          = "{CosmoHub and SciPIC: Massive cosmological data analysis,
                        distribution and generation using a Big Data platform}",
      booktitle      = "{Proceedings, 2017 European Physical Society Conference
                        on High Energy Physics (EPS-HEP 2017): Venice, Italy, July
                        5-12, 2017}",
      journal        = "PoS",
      volume         = "EPS-HEP2017",
      year           = "2017",
      pages          = "488",
      doi            = "10.22323/1.314.0488",
      SLACcitation   = "%%CITATION = POSCI,EPS-HEP2017,488;%%"
}

@ARTICLE{bell2001,
   author = {{Bell}, E.~F. and {de Jong}, R.~S.},
    title = "{Stellar Mass-to-Light Ratios and the Tully-Fisher Relation}",
  journal = {\apj},
   eprint = {astro-ph/0011493},
 keywords = {ISM: Dust, Extinction, Galaxies: Evolution, Galaxies: Kinematics and Dynamics, Galaxies: Spiral, Galaxies: Stellar Content},
     year = 2001,
    month = mar,
   volume = 550,
    pages = {212-229},
      doi = {10.1086/319728},
   adsurl = {http://adsabs.harvard.edu/abs/2001ApJ...550..212B},
  adsnote = {Provided by the SAO/NASA Astrophysics Data System}
}



% BAHAMAS simulations

@ARTICLE{mccarthy2017,
   author = {{McCarthy}, I.~G. and {Schaye}, J. and {Bird}, S. and {Le Brun}, A.~M.~C.
	},
    title = "{The BAHAMAS project: calibrated hydrodynamical simulations for large-scale structure cosmology}",
  journal = {\mnras},
archivePrefix = "arXiv",
   eprint = {1603.02702},
 keywords = {galaxies: clusters: general, galaxies: haloes, cosmology: theory, large-scale structure of Universe},
     year = 2017,
    month = mar,
   volume = 465,
    pages = {2936-2965},
      doi = {10.1093/mnras/stw2792},
   adsurl = {http://cdsads.u-strasbg.fr/abs/2017MNRAS.465.2936M},
  adsnote = {Provided by the SAO/NASA Astrophysics Data System}
}



% Gas fraction in galaxies

% up to 100 percent HI
@ARTICLE{maddox2015,
   author = {{Maddox}, N. and {Hess}, K.~M. and {Obreschkow}, D. and {Jarvis}, M.~J. and 
	{Blyth}, S.-L.},
    title = "{Variation of galactic cold gas reservoirs with stellar mass}",
  journal = {\mnras},
archivePrefix = "arXiv",
   eprint = {1412.0852},
 keywords = {surveys, galaxies: evolution, galaxies: general, galaxies: stellar content, radio lines: galaxies},
     year = 2015,
    month = feb,
   volume = 447,
    pages = {1610-1617},
      doi = {10.1093/mnras/stu2532},
   adsurl = {http://adsabs.harvard.edu/abs/2015MNRAS.447.1610M},
  adsnote = {Provided by the SAO/NASA Astrophysics Data System}
}

% 5-20% HI
@ARTICLE{catinella2013,
   author = {{Catinella}, B. and {Schiminovich}, D. and {Cortese}, L. and 
	{Fabello}, S. and {Hummels}, C.~B. and {Moran}, S.~M. and {Lemonias}, J.~J. and 
	{Cooper}, A.~P. and {Wu}, R. and {Heckman}, T.~M. and {Wang}, J.
	},
    title = "{The GALEX Arecibo SDSS Survey - VIII. Final data release. The effect of group environment on the gas content of massive galaxies}",
  journal = {\mnras},
archivePrefix = "arXiv",
   eprint = {1308.1676},
 keywords = {galaxies: evolution, galaxies: fundamental parameters, radio lines: galaxies, ultraviolet: galaxies},
     year = 2013,
    month = nov,
   volume = 436,
    pages = {34-70},
      doi = {10.1093/mnras/stt1417},
   adsurl = {http://adsabs.harvard.edu/abs/2013MNRAS.436...34C},
  adsnote = {Provided by the SAO/NASA Astrophysics Data System}
}

% 10-20% HI, 5-10% H2
@ARTICLE{boselli2014,
   author = {{Boselli}, A. and {Cortese}, L. and {Boquien}, M. and {Boissier}, S. and 
	{Catinella}, B. and {Lagos}, C. and {Saintonge}, A.},
    title = "{Cold gas properties of the Herschel Reference Survey. II. Molecular and total gas scaling relations}",
  journal = {\aap},
archivePrefix = "arXiv",
   eprint = {1401.8101},
 keywords = {galaxies: ISM, galaxies: spiral, galaxies: star formation, galaxies: fundamental parameters},
     year = 2014,
    month = apr,
   volume = 564,
      eid = {A66},
    pages = {A66},
      doi = {10.1051/0004-6361/201322312},
   adsurl = {http://adsabs.harvard.edu/abs/2014A%26A...564A..66B},
  adsnote = {Provided by the SAO/NASA Astrophysics Data System}
}

@ARTICLE{boselli2010,
   author = {{Boselli}, A. and {Eales}, S. and {Cortese}, L. and {Bendo}, G. and 
	{Chanial}, P. and {Buat}, V. and {Davies}, J. and {Auld}, R. and 
	{Rigby}, E. and {Baes}, M. and {Barlow}, M. and {Bock}, J. and 
	{Bradford}, M. and {Castro-Rodriguez}, N. and {Charlot}, S. and 
	{Clements}, D. and {Cormier}, D. and {Dwek}, E. and {Elbaz}, D. and 
	{Galametz}, M. and {Galliano}, F. and {Gear}, W. and {Glenn}, J. and 
	{Gomez}, H. and {Griffin}, M. and {Hony}, S. and {Isaak}, K. and 
	{Levenson}, L. and {Lu}, N. and {Madden}, S. and {O'Halloran}, B. and 
	{Okamura}, K. and {Oliver}, S. and {Page}, M. and {Panuzzo}, P. and 
	{Papageorgiou}, A. and {Parkin}, T. and {Perez-Fournon}, I. and 
	{Pohlen}, M. and {Rangwala}, N. and {Roussel}, H. and {Rykala}, A. and 
	{Sacchi}, N. and {Sauvage}, M. and {Schulz}, B. and {Schirm}, M. and 
	{Smith}, M.~W.~L. and {Spinoglio}, L. and {Stevens}, J. and 
	{Symeonidis}, M. and {Vaccari}, M. and {Vigroux}, L. and {Wilson}, C. and 
	{Wozniak}, H. and {Wright}, G. and {Zeilinger}, W.},
    title = "{The Herschel Reference Survey}",
  journal = {\pasp},
archivePrefix = "arXiv",
   eprint = {1001.5136},
     year = 2010,
    month = mar,
   volume = 122,
    pages = {261-287},
      doi = {10.1086/651535},
   adsurl = {http://adsabs.harvard.edu/abs/2010PASP..122..261B},
  adsnote = {Provided by the SAO/NASA Astrophysics Data System}
}


% 15-30% HI, 5-10% H2
@ARTICLE{saintonge2011,
   author = {{Saintonge}, A. and {Kauffmann}, G. and {Kramer}, C. and {Tacconi}, L.~J. and 
	{Buchbender}, C. and {Catinella}, B. and {Fabello}, S. and {Graci{\'a}-Carpio}, J. and 
	{Wang}, J. and {Cortese}, L. and {Fu}, J. and {Genzel}, R. and 
	{Giovanelli}, R. and {Guo}, Q. and {Haynes}, M.~P. and {Heckman}, T.~M. and 
	{Krumholz}, M.~R. and {Lemonias}, J. and {Li}, C. and {Moran}, S. and 
	{Rodriguez-Fernandez}, N. and {Schiminovich}, D. and {Schuster}, K. and 
	{Sievers}, A.},
    title = "{COLD GASS, an IRAM legacy survey of molecular gas in massive galaxies - I. Relations between H$_{2}$, H I, stellar content and structural properties}",
  journal = {\mnras},
archivePrefix = "arXiv",
   eprint = {1103.1642},
 primaryClass = "astro-ph.CO",
 keywords = {surveys, galaxies: evolution, galaxies: fundamental parameters, galaxies: ISM, radio lines: galaxies},
     year = 2011,
    month = jul,
   volume = 415,
    pages = {32-60},
      doi = {10.1111/j.1365-2966.2011.18677.x},
   adsurl = {http://adsabs.harvard.edu/abs/2011MNRAS.415...32S},
  adsnote = {Provided by the SAO/NASA Astrophysics Data System}
}

% 4-8% H2
@ARTICLE{morokuma2015,
   author = {{Morokuma-Matsui}, K. and {Baba}, J.},
    title = "{Redshift evolution of stellar mass versus gas fraction relation in 0 $\lt$ z $\lt$ 2 regime: observational constraint for galaxy formation models}",
  journal = {\mnras},
archivePrefix = "arXiv",
   eprint = {1509.07240},
 keywords = {galaxies: evolution, galaxies: ISM, radio lines: ISM},
     year = 2015,
    month = dec,
   volume = 454,
    pages = {3792-3804},
      doi = {10.1093/mnras/stv2227},
   adsurl = {http://adsabs.harvard.edu/abs/2015MNRAS.454.3792M},
  adsnote = {Provided by the SAO/NASA Astrophysics Data System}
}

% Combined HI and H2 results
@ARTICLE{popping2014,
   author = {{Popping}, G. and {Somerville}, R.~S. and {Trager}, S.~C.},
    title = "{Evolution of the atomic and molecular gas content of galaxies}",
  journal = {\mnras},
archivePrefix = "arXiv",
   eprint = {1308.6764},
 keywords = {ISM: atoms, ISM: molecules, galaxies: evolution, galaxies: formation, galaxies: ISM},
     year = 2014,
    month = aug,
   volume = 442,
    pages = {2398-2418},
      doi = {10.1093/mnras/stu991},
   adsurl = {http://adsabs.harvard.edu/abs/2014MNRAS.442.2398P},
  adsnote = {Provided by the SAO/NASA Astrophysics Data System}
}

% Cold gas distribution in galaxies

@ARTICLE{pohlen2010,
   author = {{Pohlen}, M. and {Cortese}, L. and {Smith}, M.~W.~L. and {Eales}, S.~A. and 
	{Boselli}, A. and {Bendo}, G.~J. and {Gomez}, H.~L. and {Papageorgiou}, A. and 
	{Auld}, R. and {Baes}, M. and {Bock}, J.~J. and {Bradford}, M. and 
	{Buat}, V. and {Castro-Rodriguez}, N. and {Chanial}, P. and 
	{Charlot}, S. and {Ciesla}, L. and {Clements}, D.~L. and {Cooray}, A. and 
	{Cormier}, D. and {Dwek}, E. and {Eales}, S.~A. and {Elbaz}, D. and 
	{Galametz}, M. and {Galliano}, F. and {Gear}, W.~K. and {Glenn}, J. and 
	{Griffin}, M. and {Hony}, S. and {Isaak}, K.~G. and {Levenson}, L.~R. and 
	{Lu}, N. and {Madden}, S. and {O'Halloran}, B. and {Okumura}, K. and 
	{Oliver}, S. and {Page}, M.~J. and {Panuzzo}, P. and {Parkin}, T.~J. and 
	{Perez-Fournon}, I. and {Rangwala}, N. and {Rigby}, E.~E. and 
	{Roussel}, H. and {Rykala}, A. and {Sacchi}, N. and {Sauvage}, M. and 
	{Schulz}, B. and {Schirm}, M.~R.~P. and {Smith}, M.~W.~L. and 
	{Spinoglio}, L. and {Stevens}, J.~A. and {Srinivasan}, S. and 
	{Symeonidis}, M. and {Trichas}, M. and {Vaccari}, M. and {Vigroux}, L. and 
	{Wilson}, C.~D. and {Wozniak}, H. and {Wright}, G.~S. and {Zeilinger}, W.~W.
	},
    title = "{Radial distribution of gas and dust in spiral galaxies . The case of M 99 (NGC 4254) and M 100 (NGC 4321)}",
  journal = {\aap},
archivePrefix = "arXiv",
   eprint = {1005.5476},
 keywords = {galaxies: structure, galaxies: individual: M 99, galaxies: individual: M 100, infrared: galaxies, ISM: dust, extinction, submillimetre: galaxies},
     year = 2010,
    month = jul,
   volume = 518,
      eid = {L72},
    pages = {L72},
      doi = {10.1051/0004-6361/201014554},
   adsurl = {http://adsabs.harvard.edu/abs/2010A%26A...518L..72P},
  adsnote = {Provided by the SAO/NASA Astrophysics Data System}
}

@ARTICLE{crocker2011,
   author = {{Crocker}, A.~F. and {Bureau}, M. and {Young}, L.~M. and {Combes}, F.
	},
    title = "{Molecular gas and star formation in early-type galaxies}",
  journal = {\mnras},
archivePrefix = "arXiv",
   eprint = {1007.4147},
 keywords = {galaxies: elliptical and lenticular, cD, galaxies: evolution, galaxies: ISM, galaxies: kinematics and dynamics, galaxies: stellar content},
     year = 2011,
    month = jan,
   volume = 410,
    pages = {1197-1222},
      doi = {10.1111/j.1365-2966.2010.17537.x},
   adsurl = {http://adsabs.harvard.edu/abs/2011MNRAS.410.1197C},
  adsnote = {Provided by the SAO/NASA Astrophysics Data System}
}

@ARTICLE{cooper2012,
   author = {{Mentuch Cooper}, E. and {Wilson}, C.~D. and {Foyle}, K. and 
	{Bendo}, G. and {Koda}, J. and {Baes}, M. and {Boquien}, M. and 
	{Boselli}, A. and {Ciesla}, L. and {Cooray}, A. and {Eales}, S. and 
	{Galametz}, M. and {Lebouteiller}, V. and {Parkin}, T. and {Roussel}, H. and 
	{Sauvage}, M. and {Spinoglio}, L. and {Smith}, M.~W.~L.},
    title = "{Spatially Resolved Stellar, Dust, and Gas Properties of the Post-interacting Whirlpool Galaxy System}",
  journal = {\apj},
archivePrefix = "arXiv",
   eprint = {1206.2989},
 keywords = {galaxies: fundamental parameters, galaxies: general, galaxies: individual: M51a/M51b, galaxies: stellar content, infrared: galaxies, techniques: photometric},
     year = 2012,
    month = aug,
   volume = 755,
      eid = {165},
    pages = {165},
      doi = {10.1088/0004-637X/755/2/165},
   adsurl = {http://adsabs.harvard.edu/abs/2012ApJ...755..165M},
  adsnote = {Provided by the SAO/NASA Astrophysics Data System}
}

@ARTICLE{davis2013,
   author = {{Davis}, T.~A. and {Alatalo}, K. and {Bureau}, M. and {Cappellari}, M. and 
	{Scott}, N. and {Young}, L.~M. and {Blitz}, L. and {Crocker}, A. and 
	{Bayet}, E. and {Bois}, M. and {Bournaud}, F. and {Davies}, R.~L. and 
	{de Zeeuw}, P.~T. and {Duc}, P.-A. and {Emsellem}, E. and {Khochfar}, S. and 
	{Krajnovi{\'c}}, D. and {Kuntschner}, H. and {Lablanche}, P.-Y. and 
	{McDermid}, R.~M. and {Morganti}, R. and {Naab}, T. and {Oosterloo}, T. and 
	{Sarzi}, M. and {Serra}, P. and {Weijmans}, A.-M.},
    title = "{The ATLAS$^{3D}$ Project - XIV. The extent and kinematics of the molecular gas in early-type galaxies}",
  journal = {\mnras},
archivePrefix = "arXiv",
   eprint = {1211.1011},
 keywords = {ISM: evolution, ISM: kinematics and dynamics, ISM: molecules, galaxies: elliptical and lenticular, cD, galaxies: evolution, galaxies: ISM},
     year = 2013,
    month = feb,
   volume = 429,
    pages = {534-555},
      doi = {10.1093/mnras/sts353},
   adsurl = {http://adsabs.harvard.edu/abs/2013MNRAS.429..534D},
  adsnote = {Provided by the SAO/NASA Astrophysics Data System}
}

% Hot gas distribution in galaxies

% OWLS

@ARTICLE{fedeli2014a,
   author = {{Fedeli}, C.},
    title = "{The clustering of baryonic matter. I: a halo-model approach}",
  journal = {\jcap},
archivePrefix = "arXiv",
   eprint = {1401.2997},
     year = 2014,
    month = apr,
   volume = 4,
      eid = {028},
    pages = {028},
      doi = {10.1088/1475-7516/2014/04/028},
   adsurl = {http://adsabs.harvard.edu/abs/2014JCAP...04..028F},
  adsnote = {Provided by the SAO/NASA Astrophysics Data System}
}

@ARTICLE{fedeli2014b,
   author = {{Fedeli}, C. and {Semboloni}, E. and {Velliscig}, M. and {Van Daalen}, M. and 
	{Schaye}, J. and {Hoekstra}, H.},
    title = "{The clustering of baryonic matter. II: halo model and hydrodynamic simulations}",
  journal = {\jcap},
archivePrefix = "arXiv",
   eprint = {1406.5013},
     year = 2014,
    month = aug,
   volume = 8,
      eid = {028},
    pages = {028},
      doi = {10.1088/1475-7516/2014/08/028},
   adsurl = {http://adsabs.harvard.edu/abs/2014JCAP...08..028F},
  adsnote = {Provided by the SAO/NASA Astrophysics Data System}
}

@ARTICLE{schaye2010,
   author = {{Schaye}, J. and {Dalla Vecchia}, C. and {Booth}, C.~M. and 
	{Wiersma}, R.~P.~C. and {Theuns}, T. and {Haas}, M.~R. and {Bertone}, S. and 
	{Duffy}, A.~R. and {McCarthy}, I.~G. and {van de Voort}, F.},
    title = "{The physics driving the cosmic star formation history}",
  journal = {\mnras},
archivePrefix = "arXiv",
   eprint = {0909.5196},
 primaryClass = "astro-ph.CO",
 keywords = {stars: formation, galaxies: evolution, galaxies: formation, cosmology: theory},
     year = 2010,
    month = mar,
   volume = 402,
    pages = {1536-1560},
      doi = {10.1111/j.1365-2966.2009.16029.x},
   adsurl = {http://adsabs.harvard.edu/abs/2010MNRAS.402.1536S},
  adsnote = {Provided by the SAO/NASA Astrophysics Data System}
}


@ARTICLE{mccarthy2010,
   author = {{McCarthy}, I.~G. and {Schaye}, J. and {Ponman}, T.~J. and {Bower}, R.~G. and 
	{Booth}, C.~M. and {Dalla Vecchia}, C. and {Crain}, R.~A. and 
	{Springel}, V. and {Theuns}, T. and {Wiersma}, R.~P.~C.},
    title = "{The case for AGN feedback in galaxy groups}",
  journal = {\mnras},
archivePrefix = "arXiv",
   eprint = {0911.2641},
 primaryClass = "astro-ph.CO",
 keywords = {galaxies: clusters: general, galaxies: formation, galaxies: groups: general, intergalactic medium, cosmology: theory, X-rays: galaxies: clusters},
     year = 2010,
    month = aug,
   volume = 406,
    pages = {822-839},
      doi = {10.1111/j.1365-2966.2010.16750.x},
   adsurl = {http://adsabs.harvard.edu/abs/2010MNRAS.406..822M},
  adsnote = {Provided by the SAO/NASA Astrophysics Data System}
}


% Observations

@ARTICLE{cavaliere1976,
   author = {{Cavaliere}, A. and {Fusco-Femiano}, R.},
    title = "{X-rays from hot plasma in clusters of galaxies}",
  journal = {\aap},
 keywords = {Bremsstrahlung, Galactic Clusters, High Temperature Plasmas, Intergalactic Media, Plasma Radiation, X Ray Sources, Background Radiation, Cosmic Plasma, Gas Density, Light Curve, Luminous Intensity},
     year = 1976,
    month = may,
   volume = 49,
    pages = {137-144},
   adsurl = {http://adsabs.harvard.edu/abs/1976A%26A....49..137C},
  adsnote = {Provided by the SAO/NASA Astrophysics Data System}
}



@ARTICLE{mulchaey2000,
   author = {{Mulchaey}, J.~S.},
    title = "{X-ray Properties of Groups of Galaxies}",
  journal = {\araa},
   eprint = {astro-ph/0009379},
 keywords = {INTRAGROUP MEDIUM, TEMPERATURE, METALLICITY, MASSES, DARK MATTER},
     year = 2000,
   volume = 38,
    pages = {289-335},
      doi = {10.1146/annurev.astro.38.1.289},
   adsurl = {http://adsabs.harvard.edu/abs/2000ARA%26A..38..289M},
  adsnote = {Provided by the SAO/NASA Astrophysics Data System}
}


@ARTICLE{sun2009,
   author = {{Sun}, M. and {Voit}, G.~M. and {Donahue}, M. and {Jones}, C. and 
	{Forman}, W. and {Vikhlinin}, A.},
    title = "{Chandra Studies of the X-Ray Gas Properties of Galaxy Groups}",
  journal = {\apj},
archivePrefix = "arXiv",
   eprint = {0805.2320},
 keywords = {cosmology: observations, dark matter, galaxies: clusters: general, X-rays: galaxies: clusters},
     year = 2009,
    month = mar,
   volume = 693,
    pages = {1142-1172},
      doi = {10.1088/0004-637X/693/2/1142},
   adsurl = {http://adsabs.harvard.edu/abs/2009ApJ...693.1142S},
  adsnote = {Provided by the SAO/NASA Astrophysics Data System}
}


@ARTICLE{mulchaey1996,
   author = {{Mulchaey}, J.~S. and {Davis}, D.~S. and {Mushotzky}, R.~F. and 
	{Burstein}, D.},
    title = "{The Intragroup Medium in Poor Groups of Galaxies}",
  journal = {\apj},
 keywords = {GALAXIES: INTERGALACTIC MEDIUM, COSMOLOGY: DARK MATTER, X-RAYS: GALAXIES, GALAXIES: CLUSTERS: GENERAL, GALAXIES: FUNDAMENTAL PARAMETERS},
     year = 1996,
    month = jan,
   volume = 456,
    pages = {80},
      doi = {10.1086/176629},
   adsurl = {http://adsabs.harvard.edu/abs/1996ApJ...456...80M},
  adsnote = {Provided by the SAO/NASA Astrophysics Data System}
}

@ARTICLE{buote2000,
   author = {{Buote}, D.~A.},
    title = "{X-ray evidence for multiphase hot gas with nearly solar Fe abundances in the brightest groups of galaxies}",
  journal = {\mnras},
   eprint = {astro-ph/9903278},
 keywords = {GALAXIES: EVOLUTION, GALAXIES: GENERAL, INTERGALACTIC MEDIUM, X-RAYS: GALAXIES},
     year = 2000,
    month = jan,
   volume = 311,
    pages = {176-200},
      doi = {10.1046/j.1365-8711.2000.03046.x},
   adsurl = {http://adsabs.harvard.edu/abs/2000MNRAS.311..176B},
  adsnote = {Provided by the SAO/NASA Astrophysics Data System}
}

@ARTICLE{sun2012,
   author = {{Sun}, M.},
    title = "{Hot gas in galaxy groups: recent observations}",
  journal = {New Journal of Physics},
archivePrefix = "arXiv",
   eprint = {1203.4228},
     year = 2012,
    month = apr,
   volume = 14,
   number = 4,
      eid = {045004},
    pages = {045004},
      doi = {10.1088/1367-2630/14/4/045004},
   adsurl = {http://adsabs.harvard.edu/abs/2012NJPh...14d5004S},
  adsnote = {Provided by the SAO/NASA Astrophysics Data System}
}


% Stellar distribution in galaxies

@ARTICLE{kelvin2012,
   author = {{Kelvin}, L.~S. and {Driver}, S.~P. and {Robotham}, A.~S.~G. and 
	{Hill}, D.~T. and {Alpaslan}, M. and {Baldry}, I.~K. and {Bamford}, S.~P. and 
	{Bland-Hawthorn}, J. and {Brough}, S. and {Graham}, A.~W. and 
	{H{\"a}ussler}, B. and {Hopkins}, A.~M. and {Liske}, J. and 
	{Loveday}, J. and {Norberg}, P. and {Phillipps}, S. and {Popescu}, C.~C. and 
	{Prescott}, M. and {Taylor}, E.~N. and {Tuffs}, R.~J.},
    title = "{Galaxy And Mass Assembly (GAMA): Structural Investigation of Galaxies via Model Analysis}",
  journal = {\mnras},
archivePrefix = "arXiv",
   eprint = {1112.1956},
 keywords = {astronomical data bases: miscellaneous, catalogues, galaxies: fundamental parameters, galaxies: structure},
     year = 2012,
    month = apr,
   volume = 421,
    pages = {1007-1039},
      doi = {10.1111/j.1365-2966.2012.20355.x},
   adsurl = {http://adsabs.harvard.edu/abs/2012MNRAS.421.1007K},
  adsnote = {Provided by the SAO/NASA Astrophysics Data System}
}

@ARTICLE{sersic1963,
   author = {{S{\'e}rsic}, J.~L.},
    title = "{Influence of the atmospheric and instrumental dispersion on the brightness distribution in a galaxy}",
  journal = {Boletin de la Asociacion Argentina de Astronomia La Plata Argentina},
     year = 1963,
   volume = 6,
    pages = {41},
   adsurl = {http://adsabs.harvard.edu/abs/1963BAAA....6...41S},
  adsnote = {Provided by the SAO/NASA Astrophysics Data System}
}

@BOOK{sersic1968,
   author = {{Sersic}, J.~L.},
    title = "{Atlas de galaxias australes}",
 keywords = {GALAXIES, GROUPS OF GALAXIES, ATLASES},
booktitle = {Cordoba, Argentina: Observatorio Astronomico, 1968},
     year = 1968,
   adsurl = {http://adsabs.harvard.edu/abs/1968adga.book.....S},
  adsnote = {Provided by the SAO/NASA Astrophysics Data System}
}


% Halo formation from a density perturbation

@article{peebles1970structureform,
  title={Primeval adiabatic perturbation in an expanding universe},
  author={Peebles, Philip JE and Yu, JT},
  journal={\apj},
  volume={162},
  pages={815},
  year={1970}
}

@article{peebles1974haloes,
  title={The gravitational-instability picture and the nature of the distribution of galaxies},
  author={Peebles, PJE},
  journal={\apj},
  volume={189},
  pages={L51},
  year={1974}
}

@ARTICLE{coles1991,
   author = {{Coles}, P. and {Jones}, B.},
    title = "{A lognormal model for the cosmological mass distribution}",
  journal = {\mnras},
 keywords = {Astronomical Models, Cosmology, Mass Distribution, Statistical Distributions, Density Distribution, Galactic Evolution, Monte Carlo Method, Normal Density Functions},
     year = 1991,
    month = jan,
   volume = 248,
    pages = {1-13},
      doi = {10.1093/mnras/248.1.1},
   adsurl = {http://adsabs.harvard.edu/abs/1991MNRAS.248....1C},
  adsnote = {Provided by the SAO/NASA Astrophysics Data System}
}


% Galaxy formation book
@book{binney2011galaxyform,
  title={Galactic dynamics},
  author={Binney, James and Tremaine, Scott},
  year={2011},
  publisher={Princeton university press}
}

% Accretion of baryons into haloes
@article{white1978galaxyform,
  title={Core condensation in heavy halos: a two-stage theory for galaxy formation and clustering},
  author={White, Simon DM and Rees, MJ},
  journal={\mnras},
  volume={183},
  number={3},
  pages={341--358},
  year={1978},
  publisher={Oxford University Press}
}

% Galaxy accretion and merging
@article{white1991merging,
  title={Galaxy formation through hierarchical clustering},
  author={White, Simon DM and Frenk, Carlos S},
  journal={\apj},
  volume={379},
  pages={52--79},
  year={1991}
}


% Galaxy galaxy lensing

@article{mandelbaum2006,
  title={Galaxy halo masses and satellite fractions from galaxy--galaxy lensing in the Sloan Digital Sky Survey: stellar mass, luminosity, morphology and environment dependencies},
  author={Mandelbaum, Rachel and Seljak, Uro{\v{s}} and Kauffmann, Guinevere and Hirata, Christopher M and Brinkmann, Jonathan},
  journal={\mnras},
  volume={368},
  number={2},
  pages={715--731},
  year={2006},
  publisher={Oxford University Press}
}


@ARTICLE{velander2014,
   author = {{Velander}, M. and {van Uitert}, E. and {Hoekstra}, H. and {Coupon}, J. and 
	{Erben}, T. and {Heymans}, C. and {Hildebrandt}, H. and {Kitching}, T.~D. and 
	{Mellier}, Y. and {Miller}, L. and {Van Waerbeke}, L. and {Bonnett}, C. and 
	{Fu}, L. and {Giodini}, S. and {Hudson}, M.~J. and {Kuijken}, K. and 
	{Rowe}, B. and {Schrabback}, T. and {Semboloni}, E.},
    title = "{CFHTLenS: the relation between galaxy dark matter haloes and baryons from weak gravitational lensing}",
  journal = {\mnras},
archivePrefix = "arXiv",
   eprint = {1304.4265},
 keywords = {gravitational lensing: weak, galaxies: haloes, cosmology: observations, dark matter},
     year = 2014,
    month = jan,
   volume = 437,
    pages = {2111-2136},
      doi = {10.1093/mnras/stt2013},
   adsurl = {http://adsabs.harvard.edu/abs/2014MNRAS.437.2111V},
  adsnote = {Provided by the SAO/NASA Astrophysics Data System}
}

@ARTICLE{uitert2011,
   author = {{\SortNoop{Uitert}}van Uitert, E. and {Hoekstra}, H. and {Velander}, M. and {Gilbank}, D.~G. and 
	{Gladders}, M.~D. and {Yee}, H.~K.~C.},
    title = "{Galaxy-galaxy lensing constraints on the relation between baryons and dark matter in galaxies in the Red Sequence Cluster Survey 2}",
  journal = {\aap},
archivePrefix = "arXiv",
   eprint = {1107.4093},
 keywords = {gravitational lensing: weak, galaxies: formation, galaxies: halos},
     year = 2011,
    month = oct,
   volume = 534,
      eid = {A14},
    pages = {A14},
      doi = {10.1051/0004-6361/201117308},
   adsurl = {http://adsabs.harvard.edu/abs/2011A%26A...534A..14V},
  adsnote = {Provided by the SAO/NASA Astrophysics Data System}
}

@ARTICLE{uitert2016b,
   author = {{\SortNoop{Uitert}}van Uitert, E. and {Schneider}, P.},
    title = "{Systematic tests for position-dependent additive shear bias}",
  journal = {\aap},
archivePrefix = "arXiv",
   eprint = {1605.01056},
 keywords = {gravitational lensing: weak, methods: observational},
     year = 2016,
    month = nov,
   volume = 595,
      eid = {A93},
    pages = {A93},
      doi = {10.1051/0004-6361/201628846},
   adsurl = {http://adsabs.harvard.edu/abs/2016A%26A...595A..93V},
  adsnote = {Provided by the SAO/NASA Astrophysics Data System}
}


% Weak lensing
@article{brainerd1996ggl,
  title={Weak gravitational lensing by galaxies},
  author={Brainerd, Tereasa G and Blandford, Roger D and Smail, Ian},
  journal={\apj},
  volume={466},
  pages={623},
  year={1996}
}

@article{courteau2014ggl,
   author = {{Courteau}, S. and {Cappellari}, M. and {de Jong}, R.~S. and 
	{Dutton}, A.~A. and {Emsellem}, E. and {Hoekstra}, H. and {Koopmans}, L.~V.~E. and 
	{Mamon}, G.~A. and {Maraston}, C. and {Treu}, T. and {Widrow}, L.~M.
	},
    title = "{Galaxy masses}",
  journal = {Reviews of Modern Physics},
archivePrefix = "arXiv",
   eprint = {1309.3276},
 keywords = {Mass and mass distribution, Statistical and correlative studies of properties, Mass and density},
     year = 2014,
    month = jan,
   volume = 86,
    pages = {47-119},
  adsnote = {Provided by the SAO/NASA Astrophysics Data System}
}

@ARTICLE{hoekstra2004,
   author = {{Hoekstra}, H. and {Yee}, H.~K.~C. and {Gladders}, M.~D.},
    title = "{Properties of Galaxy Dark Matter Halos from Weak Lensing}",
  journal = {\apj},
   eprint = {astro-ph/0306515},
 keywords = {Cosmology: Observations, Cosmology: Dark Matter, Galaxies: Halos, Cosmology: Gravitational Lensing},
     year = 2004,
    month = may,
   volume = 606,
    pages = {67-77},
  adsnote = {Provided by the SAO/NASA Astrophysics Data System}
}


@inproceedings{mandelbaum2015,
   author = {{Mandelbaum}, R.},
    title = "{Galaxy Halo Masses from Weak Gravitational Lensing}",
booktitle = {Galaxy Masses as Constraints of Formation Models},
     year = 2015,
   series = {IAU Symposium},
   volume = 311,
archivePrefix = "arXiv",
   eprint = {1410.0734},
   editor = {{Cappellari}, M. and {Courteau}, S.},
    month = apr,
    pages = {86-95},
  adsnote = {Provided by the SAO/NASA Astrophysics Data System}
}

@ARTICLE{fischer2000ggl,
   author = {{Fischer}, P. and {McKay}, T.~A. and {Sheldon}, E. and {Connolly}, A. and 
	{Stebbins}, A. and {Frieman}, J.~A. and {Jain}, B. and {Joffre}, M. and 
	{Johnston}, D. and {Bernstein}, G. and {Annis}, J. and {Bahcall}, N.~A. and 
	{Brinkmann}, J. and {Carr}, M.~A. and {Csabai}, I. and {Gunn}, J.~E. and 
	{Hennessy}, G.~S. and {Hindsley}, R.~B. and {Hull}, C. and {Ivezi{\'c}}, {\v Z}. and 
	{Knapp}, G.~R. and {Limmongkol}, S. and {Lupton}, R.~H. and 
	{Munn}, J.~A. and {Nash}, T. and {Newberg}, H.~J. and {Owen}, R. and 
	{Pier}, J.~R. and {Rockosi}, C.~M. and {Schneider}, D.~P. and 
	{Smith}, J.~A. and {Stoughton}, C. and {Szalay}, A.~S. and {Szokoly}, G.~P. and 
	{Thakar}, A.~R. and {Vogeley}, M.~S. and {Waddell}, P. and {Weinberg}, D.~H. and 
	{York}, D.~G. and {SDSS Collaboration}},
    title = "{Weak Lensing with Sloan Digital Sky Survey Commissioning Data: The Galaxy-Mass Correlation Function to 1 H$^{-1}$ Mpc}",
  journal = {\aj},
   eprint = {astro-ph/9912119},
 keywords = {Cosmology: Dark Matter, Galaxies: Fundamental Parameters, Galaxies: Halos, Cosmology: Gravitational Lensing, Cosmology: Large-Scale Structure of Universe},
     year = 2000,
    month = sep,
   volume = 120,
    pages = {1198-1208},
      doi = {10.1086/301540},
   adsurl = {http://adsabs.harvard.edu/abs/2000AJ....120.1198F},
  adsnote = {Provided by the SAO/NASA Astrophysics Data System}
}

% Cluster lensing

@ARTICLE{linden2014,
   author = {{\swap{Linden}{von der }}, A. and {Allen}, M.~T. and {Applegate}, D.~E. and 
	{Kelly}, P.~L. and {Allen}, S.~W. and {Ebeling}, H. and {Burchat}, P.~R. and 
	{Burke}, D.~L. and {Donovan}, D. and {Morris}, R.~G. and {Blandford}, R. and 
	{Erben}, T. and {Mantz}, A.},
    title = "{Weighing the Giants - I. Weak-lensing masses for 51 massive galaxy clusters: project overview, data analysis methods and cluster images}",
  journal = {\mnras},
archivePrefix = "arXiv",
   eprint = {1208.0597},
 keywords = {gravitational lensing: weak, methods: data analysis, galaxies: clusters: general, galaxies: elliptical and lenticular, cD, cosmology: observations},
     year = 2014,
    month = mar,
   volume = 439,
    pages = {2-27},
      doi = {10.1093/mnras/stt1945},
   adsurl = {http://adsabs.harvard.edu/abs/2014MNRAS.439....2V},
  adsnote = {Provided by the SAO/NASA Astrophysics Data System}
}


@ARTICLE{hoekstra2015,
   author = {{Hoekstra}, H. and {Herbonnet}, R. and {Muzzin}, A. and {Babul}, A. and 
	{Mahdavi}, A. and {Viola}, M. and {Cacciato}, M.},
    title = "{The Canadian Cluster Comparison Project: detailed study of systematics and updated weak lensing masses}",
  journal = {\mnras},
archivePrefix = "arXiv",
   eprint = {1502.01883},
 keywords = {cosmology: observations, dark matter},
     year = 2015,
    month = may,
   volume = 449,
    pages = {685-714},
      doi = {10.1093/mnras/stv275},
   adsurl = {http://adsabs.harvard.edu/abs/2015MNRAS.449..685H},
  adsnote = {Provided by the SAO/NASA Astrophysics Data System}
}

% Weak lensing intro
@ARTICLE{bartelmann2001,
   author = {{Bartelmann}, M. and {Schneider}, P.},
    title = "{Weak gravitational lensing}",
  journal = {\physrep},
   eprint = {astro-ph/9912508},
     year = 2001,
    month = jan,
   volume = 340,
    pages = {291-472},
      doi = {10.1016/S0370-1573(00)00082-X},
   adsurl = {http://adsabs.harvard.edu/abs/2001PhR...340..291B},
  adsnote = {Provided by the SAO/NASA Astrophysics Data System}
}


% Galaxy-galaxy lensing intro
@book{schneider2006,
      author        = "Schneider, Peter and Kochanek, Christopher S and
                       Wambsganss, Joachim",
      title         = "{Gravitational Lensing: Strong, Weak and Micro}",
      publisher     = "Springer",
      address       = "Berlin, Heidelberg",
      series        = "Saas-Fee Advanced Courses, Swiss Society for Astrophysics
                       and Astronomy",
      year          = "2006",
      url           = "http://cds.cern.ch/record/1339023",
}


@article{parker2005,
  title={Mass-to-light ratios of galaxy groups from weak lensing},
  author={Parker, Laura C and Hudson, Michael J and Carlberg, Ray G and Hoekstra, Henk},
  journal={\apj},
  volume={634},
  number={2},
  pages={806},
  year={2005},
  publisher={IOP Publishing}
}

@article{leauthaud2010,
  title={A weak lensing study of X-ray groups in the cosmos survey: form and evolution of the mass-luminosity relation},
  author={Leauthaud, Alexie and Finoguenov, Alexis and Kneib, Jean-Paul and Taylor, James E and Massey, Richard and Rhodes, Jason and Ilbert, Olivier and Bundy, Kevin and Tinker, Jeremy and George, Matthew R and others},
  journal={\apj},
  volume={709},
  number={1},
  pages={97},
  year={2010},
  publisher={IOP Publishing}
}



% Modelled dependence of halo mass on stellar mass
@article{moster2010,
  title={Constraints on the relationship between stellar mass and halo mass at low and high redshift},
  author={Moster, Benjamin P and Somerville, Rachel S and Maulbetsch, Christian and van den Bosch, Frank C and Macci{\`o}, Andrea V and Naab, Thorsten and Oser, Ludwig},
  journal={\apj},
  volume={710},
  number={2},
  pages={903},
  year={2010},
  publisher={IOP Publishing}
}



@ARTICLE{waerbeke2013,
   author = {{Van Waerbeke}, L. and {Benjamin}, J. and {Erben}, T. and {Heymans}, C. and 
	{Hildebrandt}, H. and {Hoekstra}, H. and {Kitching}, T.~D. and 
	{Mellier}, Y. and {Miller}, L. and {Coupon}, J. and {Harnois-D{\'e}raps}, J. and 
	{Fu}, L. and {Hudson}, M. and {Kilbinger}, M. and {Kuijken}, K. and 
	{Rowe}, B. and {Schrabback}, T. and {Semboloni}, E. and {Vafaei}, S. and 
	{van Uitert}, E. and {Velander}, M.},
    title = "{CFHTLenS: mapping the large-scale structure with gravitational lensing}",
  journal = {\mnras},
archivePrefix = "arXiv",
   eprint = {1303.1806},
 keywords = {dark matter, large-scale structure of Universe},
     year = 2013,
    month = aug,
   volume = 433,
    pages = {3373-3388},
      doi = {10.1093/mnras/stt971},
   adsurl = {http://adsabs.harvard.edu/abs/2013MNRAS.433.3373V},
  adsnote = {Provided by the SAO/NASA Astrophysics Data System}
}


% Planck Cosmological parameters

@article{planck2014,
   author = {Planck XVI, x},
    title = "{Planck 2013 results. XVI. Cosmological parameters}",
  journal = {\aap},
archivePrefix = "arXiv",
   eprint = {1303.5076},
 keywords = {cosmic background radiation, cosmological parameters, early Universe, inflation, primordial nucleosynthesis},
     year = 2014,
    month = nov,
   volume = 571,
      eid = {A16},
    pages = {A16},
  adsnote = {Provided by the SAO/NASA Astrophysics Data System}
}


@ARTICLE{planck2016,
    author = {Planck XIII, x},
    title = "{Planck 2015 results. XIII. Cosmological parameters}",
  journal = {\aap},
archivePrefix = "arXiv",
   eprint = {1502.01589},
 keywords = {cosmology: observations, cosmology: theory, cosmic background radiation, cosmological parameters},
     year = 2016,
    month = sep,
   volume = 594,
      eid = {A13},
    pages = {A13},
      doi = {10.1051/0004-6361/201525830},
   adsurl = {http://adsabs.harvard.edu/abs/2016A%26A...594A..13P},
  adsnote = {Provided by the SAO/NASA Astrophysics Data System}
}

@ARTICLE{planck2018,
       author = {Planck VI, x},
        title = "{Planck 2018 results. VI. Cosmological parameters}",
      journal = {arXiv e-prints},
     keywords = {Astrophysics - Cosmology and Nongalactic Astrophysics},
         year = "2018",
        month = "Jul",
          eid = {arXiv:1807.06209},
        pages = {arXiv:1807.06209},
archivePrefix = {arXiv},
       eprint = {1807.06209},
 primaryClass = {astro-ph.CO},
       adsurl = {https://ui.adsabs.harvard.edu/\#abs/2018arXiv180706209P},
      adsnote = {Provided by the SAO/NASA Astrophysics Data System}
}



% KiDS papers
@ARTICLE{dejong2013,
   author = {{\SortNoop{Jong}}de Jong, J.~T.~A. and {Verdoes Kleijn}, G.~A. and {Kuijken}, K.~H. and 
	{Valentijn}, E.~A.},
    title = "{The Kilo-Degree Survey}",
  journal = {Experimental Astronomy},
archivePrefix = "arXiv",
   eprint = {1206.1254},
 keywords = {Wide-field imaging, Survey system, VLT/VST, Weak gravitational lensing, Photometric redshifts},
     year = 2013,
    month = jan,
   volume = 35,
    pages = {25-44},
      doi = {10.1007/s10686-012-9306-1},
   adsurl = {http://adsabs.harvard.edu/abs/2013ExA....35...25D},
  adsnote = {Provided by the SAO/NASA Astrophysics Data System}
}


@ARTICLE{capaccioli2011,
   author = {{Capaccioli}, M. and {Schipani}, P.},
    title = "{The VLT Survey Telescope Opens to the Sky: History of a Commissioning}",
  journal = {The Messenger},
     year = 2011,
    month = dec,
   volume = 146,
    pages = {2-7},
   adsurl = {http://adsabs.harvard.edu/abs/2011Msngr.146....2C},
  adsnote = {Provided by the SAO/NASA Astrophysics Data System}
}


@ARTICLE{kuijken2011,
   author = {{Kuijken}, K.},
    title = "{OmegaCAM: ESO's Newest Imager}",
  journal = {The Messenger},
     year = 2011,
    month = dec,
   volume = 146,
    pages = {8-11},
   adsurl = {http://adsabs.harvard.edu/abs/2011Msngr.146....8K},
  adsnote = {Provided by the SAO/NASA Astrophysics Data System}
}

@ARTICLE{kuijken2019,
       author = {{Kuijken}, K. and {Heymans}, C. and {Dvornik}, A. and {Hildebrandt}, H. and
         {de Jong}, J.~T.~A. and {Wright}, A.~H. and {Erben}, T. and
         {Bilicki}, M. and {Giblin}, B. and {Shan}, H. -Y. and {Getman}, F. and
         {Grado}, A. and {Hoekstra}, H. and {Miller}, L. and {Napolitano}, N. and
         {Paolilo}, M. and {Radovich}, M. and {Schneider}, P. and {Sutherland
        }, W. and {Tewes}, M. and {Tortora}, C. and {Valentijn}, E.~A. and
         {Verdoes Kleijn}, G.~A.},
        title = "{The fourth data release of the Kilo-Degree Survey: ugri imaging and nine-band optical-IR photometry over 1000 square degrees}",
      journal = {arXiv e-prints},
     keywords = {Astrophysics - Astrophysics of Galaxies, Astrophysics - Cosmology and Nongalactic Astrophysics},
         year = "2019",
        month = "Feb",
          eid = {arXiv:1902.11265},
        pages = {arXiv:1902.11265},
archivePrefix = {arXiv},
       eprint = {1902.11265},
 primaryClass = {astro-ph.GA},
       adsurl = {https://ui.adsabs.harvard.edu/\#abs/2019arXiv190211265K},
      adsnote = {Provided by the SAO/NASA Astrophysics Data System}
}



% Lensing with KiDS papers
@ARTICLE{kuijken2015,
   author = {{Kuijken}, K. and {Heymans}, C. and {Hildebrandt}, H. and {Nakajima}, R. and 
	{Erben}, T. and {de Jong}, J.~T.~A. and {Viola}, M. and {Choi}, A. and 
	{Hoekstra}, H. and {Miller}, L. and {van Uitert}, E. and {Amon}, A. and 
	{Blake}, C. and {Brouwer}, M. and {Buddendiek}, A. and {Conti}, I.~F. and 
	{Eriksen}, M. and {Grado}, A. and {Harnois-D{\'e}raps}, J. and 
	{Helmich}, E. and {Herbonnet}, R. and {Irisarri}, N. and {Kitching}, T. and 
	{Klaes}, D. and {La Barbera}, F. and {Napolitano}, N. and {Radovich}, M. and 
	{Schneider}, P. and {Sif{\'o}n}, C. and {Sikkema}, G. and {Simon}, P. and 
	{Tudorica}, A. and {Valentijn}, E. and {Verdoes Kleijn}, G. and 
	{van Waerbeke}, L.},
    title = "{Gravitational lensing analysis of the Kilo-Degree Survey}",
  journal = {\mnras},
archivePrefix = "arXiv",
   eprint = {1507.00738},
 keywords = {gravitational lensing: weak, surveys, galaxies: photometry, cosmology: observations},
     year = 2015,
    month = dec,
   volume = 454,
    pages = {3500-3532},
      doi = {10.1093/mnras/stv2140},
   adsurl = {http://adsabs.harvard.edu/abs/2015MNRAS.454.3500K},
  adsnote = {Provided by the SAO/NASA Astrophysics Data System}
}

@ARTICLE{hildebrandt2017,
   author = {{Hildebrandt}, H. and {Viola}, M. and {Heymans}, C. and {Joudaki}, S. and 
	{Kuijken}, K. and {Blake}, C. and {Erben}, T. and {Joachimi}, B. and 
	{Klaes}, D. and {Miller}, L. and {Morrison}, C.~B. and {Nakajima}, R. and 
	{Verdoes Kleijn}, G. and {Amon}, A. and {Choi}, A. and {Covone}, G. and 
	{de Jong}, J.~T.~A. and {Dvornik}, A. and {Fenech Conti}, I. and 
	{Grado}, A. and {Harnois-D{\'e}raps}, J. and {Herbonnet}, R. and 
	{Hoekstra}, H. and {K{\"o}hlinger}, F. and {McFarland}, J. and 
	{Mead}, A. and {Merten}, J. and {Napolitano}, N. and {Peacock}, J.~A. and 
	{Radovich}, M. and {Schneider}, P. and {Simon}, P. and {Valentijn}, E.~A. and 
	{van den Busch}, J.~L. and {van Uitert}, E. and {Van Waerbeke}, L.
	},
    title = "{KiDS-450: cosmological parameter constraints from tomographic weak gravitational lensing}",
  journal = {\mnras},
archivePrefix = "arXiv",
   eprint = {1606.05338},
 keywords = {gravitational lensing: weak, surveys, galaxies: photometry, cosmology: observations},
     year = 2017,
    month = feb,
   volume = 465,
    pages = {1454-1498},
      doi = {10.1093/mnras/stw2805},
   adsurl = {http://adsabs.harvard.edu/abs/2017MNRAS.465.1454H},
  adsnote = {Provided by the SAO/NASA Astrophysics Data System}
}


@ARTICLE{dejong2017,
   author = {{\SortNoop{Jong}}de Jong, J.~T.~A. and {Kleijn}, G.~A.~V. and {Erben}, T. and 
	{Hildebrandt}, H. and {Kuijken}, K. and {Sikkema}, G. and {Brescia}, M. and 
	{Bilicki}, M. and {Napolitano}, N.~R. and {Amaro}, V. and {Begeman}, K.~G. and 
	{Boxhoorn}, D.~R. and {Buddelmeijer}, H. and {Cavuoti}, S. and 
	{Getman}, F. and {Grado}, A. and {Helmich}, E. and {Huang}, Z. and 
	{Irisarri}, N. and {La Barbera}, F. and {Longo}, G. and {McFarland}, J.~P. and 
	{Nakajima}, R. and {Paolillo}, M. and {Puddu}, E. and {Radovich}, M. and 
	{Rifatto}, A. and {Tortora}, C. and {Valentijn}, E.~A. and {Vellucci}, C. and 
	{Vriend}, W.-J. and {Amon}, A. and {Blake}, C. and {Choi}, A. and 
	{Conti}, I.~F. and {Gwyn}, S.~D.~J. and {Herbonnet}, R. and 
	{Heymans}, C. and {Hoekstra}, H. and {Klaes}, D. and {Merten}, J. and 
	{Miller}, L. and {Schneider}, P. and {Viola}, M.},
    title = "{The third data release of the Kilo-Degree Survey and associated data products}",
  journal = {\aap},
archivePrefix = "arXiv",
   eprint = {1703.02991},
 keywords = {surveys, catalogs, techniques: photometric, techniques: image processing},
     year = 2017,
    month = aug,
   volume = 604,
      eid = {A134},
    pages = {A134},
      doi = {10.1051/0004-6361/201730747},
   adsurl = {http://adsabs.harvard.edu/abs/2017A%26A...604A.134D},
  adsnote = {Provided by the SAO/NASA Astrophysics Data System}
}




@ARTICLE{bilicki2017,
   author = {{Bilicki}, M. and {Hoekstra}, H. and {Amaro}, V. and {Blake}, C. and 
	{Brown}, M.~J.~I. and {Cavuoti}, S. and {de Jong}, J.~T.~A. and 
	{Hildebrandt}, H. and {Wolf}, C. and {Amon}, A. and {Brescia}, M. and 
	{Brough}, S. and {Costa-Duarte}, M.~V. and {Erben}, T. and {Glazebrook}, K. and 
	{Grado}, A. and {Heymans}, C. and {Jarrett}, T. and {Joudaki}, S. and 
	{Kuijken}, K. and {Longo}, G. and {Napolitano}, N. and {Parkinson}, D. and 
	{Vellucci}, C. and {Verdoes Kleijn}, G.~A. and {Wang}, L.},
    title = "{Photometric redshifts for the Kilo-Degree Survey. Machine-learning analysis with artificial neural networks}",
  journal = {ArXiv e-prints},
archivePrefix = "arXiv",
   eprint = {1709.04205},
 keywords = {Astrophysics - Cosmology and Nongalactic Astrophysics, Astrophysics - Astrophysics of Galaxies, Astrophysics - Instrumentation and Methods for Astrophysics},
     year = 2017,
    month = sep,
   adsurl = {http://adsabs.harvard.edu/abs/2017arXiv170904205B},
  adsnote = {Provided by the SAO/NASA Astrophysics Data System}
}



@ARTICLE{melchior2012noisebias,
   author = {{Melchior}, P. and {Viola}, M.},
    title = "{Means of confusion: how pixel noise affects shear estimates for weak gravitational lensing}",
  journal = {\mnras},
archivePrefix = "arXiv",
   eprint = {1204.5147},
 primaryClass = "astro-ph.IM",
 keywords = {gravitational lensing: weak, techniques: image processing },
     year = 2012,
    month = aug,
   volume = 424,
    pages = {2757-2769},
  adsnote = {Provided by the SAO/NASA Astrophysics Data System}
}

@ARTICLE{sadeh2016,
   author = {{Sadeh}, I. and {Abdalla}, F.~B. and {Lahav}, O.},
    title = "{ANNz2: Photometric Redshift and Probability Distribution Function Estimation using Machine Learning}",
  journal = {\pasp},
archivePrefix = "arXiv",
   eprint = {1507.00490},
     year = 2016,
    month = oct,
   volume = 128,
   number = 10,
    pages = {104502},
      doi = {10.1088/1538-3873/128/968/104502},
   adsurl = {http://adsabs.harvard.edu/abs/2016PASP..128j4502S},
  adsnote = {Provided by the SAO/NASA Astrophysics Data System}
}


% KiDS-GAMA papers
@ARTICLE{viola2015,
   author = {{Viola}, M. and {Cacciato}, M. and {Brouwer}, M. and {Kuijken}, K. and 
	{Hoekstra}, H. and {Norberg}, P. and {Robotham}, A.~S.~G. and 
	{van Uitert}, E. and {Alpaslan}, M. and {Baldry}, I.~K. and 
	{Choi}, A. and {de Jong}, J.~T.~A. and {Driver}, S.~P. and {Erben}, T. and 
	{Grado}, A. and {Graham}, A.~W. and {Heymans}, C. and {Hildebrandt}, H. and 
	{Hopkins}, A.~M. and {Irisarri}, N. and {Joachimi}, B. and {Loveday}, J. and 
	{Miller}, L. and {Nakajima}, R. and {Schneider}, P. and {Sif{\'o}n}, C. and 
	{Verdoes Kleijn}, G.},
    title = "{Dark matter halo properties of GAMA galaxy groups from 100 square degrees of KiDS weak lensing data}",
  journal = {\mnras},
archivePrefix = "arXiv",
   eprint = {1507.00735},
 keywords = {methods: observational, methods: statistical, galaxies: groups: general, galaxies: haloes, dark matter, large-scale structure of Universe},
     year = 2015,
    month = oct,
   volume = 452,
    pages = {3529-3550},
      doi = {10.1093/mnras/stv1447},
   adsurl = {http://adsabs.harvard.edu/abs/2015MNRAS.452.3529V},
  adsnote = {Provided by the SAO/NASA Astrophysics Data System}
}


@ARTICLE{sifon2015,
   author = {{Sif{\'o}n}, C. and {Cacciato}, M. and {Hoekstra}, H. and {Brouwer}, M. and 
	{van Uitert}, E. and {Viola}, M. and {Baldry}, I. and {Brough}, S. and 
	{Brown}, M.~J.~I. and {Choi}, A. and {Driver}, S.~P. and {Erben}, T. and 
	{Grado}, A. and {Heymans}, C. and {Hildebrandt}, H. and {Joachimi}, B. and 
	{de Jong}, J.~T.~A. and {Kuijken}, K. and {McFarland}, J. and 
	{Miller}, L. and {Nakajima}, R. and {Napolitano}, N. and {Norberg}, P. and 
	{Robotham}, A.~S.~G. and {Schneider}, P. and {Kleijn}, G.~V.
	},
    title = "{The masses of satellites in GAMA galaxy groups from 100 square degrees of KiDS weak lensing data}",
  journal = {\mnras},
archivePrefix = "arXiv",
   eprint = {1507.00737},
 keywords = {gravitational lensing: weak, methods: observational, methods: statistical, galaxies: haloes, galaxies: statistics, dark matter},
     year = 2015,
    month = dec,
   volume = 454,
    pages = {3938-3951},
      doi = {10.1093/mnras/stv2051},
   adsurl = {http://adsabs.harvard.edu/abs/2015MNRAS.454.3938S},
  adsnote = {Provided by the SAO/NASA Astrophysics Data System}
}

@ARTICLE{uitert2016,
    author = {{\SortNoop{Uitert}}van Uitert, E. and {Cacciato}, M. and {Hoekstra}, H. and {Brouwer}, M. and 
	{Sif{\'o}n}, C. and {Viola}, M. and {Baldry}, I. and {Bland-Hawthorn}, J. and 
	{Brough}, S. and {Brown}, M.~J.~I. and {Choi}, A. and {Driver}, S.~P. and 
	{Erben}, T. and {Heymans}, C. and {Hildebrandt}, H. and {Joachimi}, B. and 
	{Kuijken}, K. and {Liske}, J. and {Loveday}, J. and {McFarland}, J. and 
	{Miller}, L. and {Nakajima}, R. and {Peacock}, J. and {Radovich}, M. and 
	{Robotham}, A.~S.~G. and {Schneider}, P. and {Sikkema}, G. and 
	{Taylor}, E.~N. and {Verdoes Kleijn}, G.},
    title = "{The stellar-to-halo mass relation of GAMA galaxies from 100 deg$^{2}$ of KiDS weak lensing data}",
    journal = {\mnras},
    archivePrefix = "arXiv",
    eprint = {1601.06791},
    keywords = {gravitational lensing: weak, methods: observational, galaxies: groups: general, galaxies: haloes, galaxies: luminosity function, mass function},
    year = 2016,
    month = jul,
    volume = 459,
    pages = {3251-3270},
    doi = {10.1093/mnras/stw747},
    adsurl = {http://adsabs.harvard.edu/abs/2016MNRAS.459.3251V},
    adsnote = {Provided by the SAO/NASA Astrophysics Data System}
}


@ARTICLE{brouwer2016,
   author = {{Brouwer}, M.~M. and {Cacciato}, M. and {Dvornik}, A. and {Eardley}, L. and 
	{Heymans}, C. and {Hoekstra}, H. and {Kuijken}, K. and {McNaught-Roberts}, T. and 
	{Sif{\'o}n}, C. and {Viola}, M. and {Alpaslan}, M. and {Bilicki}, M. and 
	{Bland-Hawthorn}, J. and {Brough}, S. and {Choi}, A. and {Driver}, S.~P. and 
	{Erben}, T. and {Grado}, A. and {Hildebrandt}, H. and {Holwerda}, B.~W. and 
	{Hopkins}, A.~M. and {de Jong}, J.~T.~A. and {Liske}, J. and 
	{McFarland}, J. and {Nakajima}, R. and {Napolitano}, N.~R. and 
	{Norberg}, P. and {Peacock}, J.~A. and {Radovich}, M. and {Robotham}, A.~S.~G. and 
	{Schneider}, P. and {Sikkema}, G. and {van Uitert}, E. and {Verdoes Kleijn}, G. and 
	{Valentijn}, E.~A.},
    title = "{Dependence of GAMA galaxy halo masses on the cosmic web environment from 100 deg$^{2}$ of KiDS weak lensing data}",
  journal = {\mnras},
archivePrefix = "arXiv",
   eprint = {1604.07233},
 keywords = {gravitational lensing: weak, methods: statistical, surveys, galaxies: haloes, dark matter, large-scale structure of Universe},
     year = 2016,
    month = nov,
   volume = 462,
    pages = {4451-4463},
      doi = {10.1093/mnras/stw1602},
   adsurl = {http://adsabs.harvard.edu/abs/2016MNRAS.462.4451B},
  adsnote = {Provided by the SAO/NASA Astrophysics Data System}
}



@ARTICLE{brouwer2017,
   author = {{Brouwer}, M.~M. and {Visser}, M.~R. and {Dvornik}, A. and {Hoekstra}, H. and 
	{Kuijken}, K. and {Valentijn}, E.~A. and {Bilicki}, M. and {Blake}, C. and 
	{Brough}, S. and {Buddelmeijer}, H. and {Erben}, T. and {Heymans}, C. and 
	{Hildebrandt}, H. and {Holwerda}, B.~W. and {Hopkins}, A.~M. and 
	{Klaes}, D. and {Liske}, J. and {Loveday}, J. and {McFarland}, J. and 
	{Nakajima}, R. and {Sif{\'o}n}, C. and {Taylor}, E.~N.},
    title = "{First test of Verlinde's theory of emergent gravity using weak gravitational lensing measurements}",
  journal = {\mnras},
archivePrefix = "arXiv",
   eprint = {1612.03034},
 keywords = {gravitation, gravitational lensing: weak, surveys, galaxies: haloes, cosmology: theory, dark matter},
     year = 2017,
    month = apr,
   volume = 466,
    pages = {2547-2559},
      doi = {10.1093/mnras/stw3192},
   adsurl = {http://adsabs.harvard.edu/abs/2017MNRAS.466.2547B},
  adsnote = {Provided by the SAO/NASA Astrophysics Data System}
}

@ARTICLE{brouwer2018,
       author = {{Brouwer}, Margot M. and {Demchenko}, Vasiliy and
         {Harnois-D{\'e}raps}, Joachim and {Bilicki}, Maciej and
         {Heymans}, Catherine and {Hoekstra}, Henk and {Kuijken}, Konrad and
         {Alpaslan}, Mehmet and {Brough}, Sarah and {Cai}, Yan-Chuan and
         {Costa-Duarte}, Marcus V. and {Dvornik}, Andrej and {Erben}, Thomas and
         {Hildebrandt}, Hendrik and {Holwerda}, Benne W. and {Schneider}, Peter and
         {Sif{\'o}n}, Crist{\'o}bal and {van Uitert}, Edo},
        title = "{Studying galaxy troughs and ridges using weak gravitational lensing with the Kilo-Degree Survey}",
      journal = {\mnras},
     keywords = {gravitational lensing: weak, methods: statistical, surveys, galaxies: distances and redshifts; cosmology: dark matter, large-scale structure of the Universe, Astrophysics - Cosmology and Nongalactic Astrophysics},
         year = "2018",
        month = "Dec",
       volume = {481},
        pages = {5189-5209},
          doi = {10.1093/mnras/sty2589},
archivePrefix = {arXiv},
       eprint = {1805.00562},
 primaryClass = {astro-ph.CO},
       adsurl = {https://ui.adsabs.harvard.edu/\#abs/2018MNRAS.481.5189B},
      adsnote = {Provided by the SAO/NASA Astrophysics Data System}
}


@ARTICLE{dvornik2017,
   author = {{Dvornik}, A. and {Cacciato}, M. and {Kuijken}, K. and {Viola}, M. and 
	{Hoekstra}, H. and {Nakajima}, R. and {van Uitert}, E. and {Brouwer}, M. and 
	{Choi}, A. and {Erben}, T. and {Fenech Conti}, I. and {Farrow}, D.~J. and 
	{Herbonnet}, R. and {Heymans}, C. and {Hildebrandt}, H. and 
	{Hopkins}, A.~M. and {McFarland}, J. and {Norberg}, P. and {Schneider}, P. and 
	{Sif{\'o}n}, C. and {Valentijn}, E. and {Wang}, L.},
    title = "{A KiDS weak lensing analysis of assembly bias in GAMA galaxy groups}",
  journal = {\mnras},
archivePrefix = "arXiv",
   eprint = {1703.06657},
 keywords = {gravitational lensing: weak, methods: statistical, surveys, galaxies: haloes, large-scale structure of Universe},
     year = 2017,
    month = jul,
   volume = 468,
    pages = {3251-3265},
      doi = {10.1093/mnras/stx705},
   adsurl = {http://adsabs.harvard.edu/abs/2017MNRAS.468.3251D},
  adsnote = {Provided by the SAO/NASA Astrophysics Data System}
}

@ARTICLE{dvornik2018,
   author = {{Dvornik}, A. and {Kuijken}, K. and {Hoekstra}, H. and {Schneider}, P. and 
	{Amon}, A. and {Nakajima}, R. and {Viola}, M. and {Choi}, A. and 
	{Erben}, T. and {Farrow}, D.~J. and {Heymans}, C. and {Hildebrandt}, H. and 
	{Sif{\'o}n}, C. and {Wang}, L.},
    title = "{Unveiling Galaxy Bias via the Halo Model, KiDS and GAMA}",
  journal = {ArXiv e-prints},
archivePrefix = "arXiv",
   eprint = {1802.00734},
 keywords = {Astrophysics - Cosmology and Nongalactic Astrophysics},
     year = 2018,
    month = feb,
   adsurl = {http://adsabs.harvard.edu/abs/2018arXiv180200734D},
  adsnote = {Provided by the SAO/NASA Astrophysics Data System}
}


@article{baldry2010gama,
  title={Galaxy And Mass Assembly (GAMA): the input catalogue and star--galaxy separation},
  author={Baldry, Ivan K and Robotham, Aaron SG and Hill, David T and Driver, Simon P and Liske, Jochen and Norberg, Peder and Bamford, Steven P and Hopkins, Andrew M and Loveday, Jon and Peacock, John A and others},
  journal={\mnras},
  volume={404},
  number={1},
  pages={86--100},
  year={2010},
  publisher={Oxford University Press}
}

% Stellar mass measurement
@ARTICLE{bruzual2003,
   author = {{Bruzual}, G. and {Charlot}, S.},
    title = "{Stellar population synthesis at the resolution of 2003}",
  journal = {\mnras},
   eprint = {astro-ph/0309134},
 keywords = {stars: evolution, galaxies: evolution, galaxies: formation, galaxies: stellar content},
     year = 2003,
    month = oct,
   volume = 344,
    pages = {1000-1028},
      doi = {10.1046/j.1365-8711.2003.06897.x},
   adsurl = {http://adsabs.harvard.edu/abs/2003MNRAS.344.1000B},
  adsnote = {Provided by the SAO/NASA Astrophysics Data System}
}


@ARTICLE{edge2013,
  author = {{Edge}, A. and {Sutherland}, W. and {Kuijken}, K. and {Driver}, S. and {McMahon}, R. and {Eales}, S. and {Emerson}, J.~P.},
  title = "{The VISTA Kilo-degree Infrared Galaxy (VIKING) Survey: Bridging the Gap between Low and High Redshift}",
  journal = {The Messenger},
  year = 2013,
  month = dec,
  volume = 154,
  pages = {32-34},
  adsurl = {http://adsabs.harvard.edu/abs/2013Msngr.154...32E},
  adsnote = {Provided by the SAO/NASA Astrophysics Data System}
}

% KiDS stellar mass measurement

%Lephare papers
@ARTICLE{arnouts1999,
       author = {{Arnouts}, S. and {Cristiani}, S. and {Moscardini}, L. and
         {Matarrese}, S. and {Lucchin}, F. and {Fontana}, A. and {Giallongo}, E.},
        title = "{Measuring and modelling the redshift evolution of clustering: the Hubble Deep Field North}",
      journal = {\mnras},
     keywords = {GALAXIES: CLUSTERS: GENERAL, GALAXIES: PHOTOMETRY, COSMOLOGY: OBSERVATIONS, COSMOLOGY: THEORY, LARGE-SCALE STRUCTURE OF UNIVERSE, Astrophysics},
         year = "1999",
        month = "Dec",
       volume = {310},
       number = {2},
        pages = {540-556},
          doi = {10.1046/j.1365-8711.1999.02978.x},
archivePrefix = {arXiv},
       eprint = {astro-ph/9902290},
 primaryClass = {astro-ph},
       adsurl = {https://ui.adsabs.harvard.edu/abs/1999MNRAS.310..540A},
      adsnote = {Provided by the SAO/NASA Astrophysics Data System}
}

@ARTICLE{ilbert2006,
       author = {{Ilbert}, O. and {Arnouts}, S. and {McCracken}, H.~J. and
         {Bolzonella}, M. and {Bertin}, E. and {Le F{\`e}vre}, O. and
         {Mellier}, Y. and {Zamorani}, G. and {Pell{\`o}}, R. and {Iovino}, A. and
         {Tresse}, L. and {Le Brun}, V. and {Bottini}, D. and {Garilli}, B. and
         {Maccagni}, D. and {Picat}, J.~P. and {Scaramella}, R. and
         {Scodeggio}, M. and {Vettolani}, G. and {Zanichelli}, A. and
         {Adami}, C. and {Bardelli}, S. and {Cappi}, A. and {Charlot}, S. and
         {Ciliegi}, P. and {Contini}, T. and {Cucciati}, O. and {Foucaud}, S. and
         {Franzetti}, P. and {Gavignaud}, I. and {Guzzo}, L. and {Marano}, B. and
         {Marinoni}, C. and {Mazure}, A. and {Meneux}, B. and {Merighi}, R. and
         {Paltani}, S. and {Pollo}, A. and {Pozzetti}, L. and {Radovich}, M. and
         {Zucca}, E. and {Bondi}, M. and {Bongiorno}, A. and {Busarello}, G. and
         {de La Torre}, S. and {Gregorini}, L. and {Lamareille}, F. and
         {Mathez}, G. and {Merluzzi}, P. and {Ripepi}, V. and {Rizzo}, D. and
         {Vergani}, D.},
        title = "{Accurate photometric redshifts for the CFHT legacy survey calibrated using the VIMOS VLT deep survey}",
      journal = {\aap},
     keywords = {galaxies: distances and redshifts, galaxies: photometry, methods: data analysis, Astrophysics},
         year = "2006",
        month = "Oct",
       volume = {457},
       number = {3},
        pages = {841-856},
          doi = {10.1051/0004-6361:20065138},
archivePrefix = {arXiv},
       eprint = {astro-ph/0603217},
 primaryClass = {astro-ph},
       adsurl = {https://ui.adsabs.harvard.edu/abs/2006A&A...457..841I},
      adsnote = {Provided by the SAO/NASA Astrophysics Data System}
}

% Absolute magnitude K-correction
@ARTICLE{beare2014,
   author = {{Beare}, R. and {Brown}, M.~J.~I. and {Pimbblet}, K.},
    title = "{An Accurate New Method of Calculating Absolute Magnitudes and K-corrections Applied to the Sloan Filter Set}",
  journal = {\apj},
archivePrefix = "arXiv",
   eprint = {1410.8139},
 keywords = {cosmology: observations, galaxies: evolution, galaxies: photometry},
     year = 2014,
    month = dec,
   volume = 797,
      eid = {104},
    pages = {104},
      doi = {10.1088/0004-637X/797/2/104},
   adsurl = {http://adsabs.harvard.edu/abs/2014ApJ...797..104B},
  adsnote = {Provided by the SAO/NASA Astrophysics Data System}
}


% The Sloan Digital Sky Survey
@ARTICLE{abazajian2009,
   author = {{Abazajian}, K.~N. and {Adelman-McCarthy}, J.~K. and {Ag{\"u}eros}, M.~A. and 
	{Allam}, S.~S. and {Allende Prieto}, C. and {An}, D. and {Anderson}, K.~S.~J. and 
	{Anderson}, S.~F. and {Annis}, J. and {Bahcall}, N.~A. and et al.},
    title = "{The Seventh Data Release of the Sloan Digital Sky Survey}",
  journal = {\apjs},
archivePrefix = "arXiv",
   eprint = {0812.0649},
 keywords = {atlases, catalogs, surveys},
     year = 2009,
    month = jun,
   volume = 182,
      eid = {543-558},
    pages = {543-558},
      doi = {10.1088/0067-0049/182/2/543},
   adsurl = {http://adsabs.harvard.edu/abs/2009ApJS..182..543A},
  adsnote = {Provided by the SAO/NASA Astrophysics Data System}
}

@ARTICLE{zehavi2011,
   author = {{Zehavi}, I. and {Zheng}, Z. and {Weinberg}, D.~H. and {Blanton}, M.~R. and 
	{Bahcall}, N.~A. and {Berlind}, A.~A. and {Brinkmann}, J. and 
	{Frieman}, J.~A. and {Gunn}, J.~E. and {Lupton}, R.~H. and {Nichol}, R.~C. and 
	{Percival}, W.~J. and {Schneider}, D.~P. and {Skibba}, R.~A. and 
	{Strauss}, M.~A. and {Tegmark}, M. and {York}, D.~G.},
    title = "{Galaxy Clustering in the Completed SDSS Redshift Survey: The Dependence on Color and Luminosity}",
  journal = {\apj},
archivePrefix = "arXiv",
   eprint = {1005.2413},
 keywords = {cosmology: observations, cosmology: theory, galaxies: distances and redshifts, galaxies: halos, galaxies: statistics, large-scale structure of universe},
     year = 2011,
    month = jul,
   volume = 736,
      eid = {59},
    pages = {59},
      doi = {10.1088/0004-637X/736/1/59},
   adsurl = {http://adsabs.harvard.edu/abs/2011ApJ...736...59Z},
  adsnote = {Provided by the SAO/NASA Astrophysics Data System}
}


% The COSMOS survey

@ARTICLE{ilbert2009,
   author = {{Ilbert}, O. and {Capak}, P. and {Salvato}, M. and {Aussel}, H. and 
	{McCracken}, H.~J. and {Sanders}, D.~B. and {Scoville}, N. and 
	{Kartaltepe}, J. and {Arnouts}, S. and {Le Floc'h}, E. and {Mobasher}, B. and 
	{Taniguchi}, Y. and {Lamareille}, F. and {Leauthaud}, A. and 
	{Sasaki}, S. and {Thompson}, D. and {Zamojski}, M. and {Zamorani}, G. and 
	{Bardelli}, S. and {Bolzonella}, M. and {Bongiorno}, A. and 
	{Brusa}, M. and {Caputi}, K.~I. and {Carollo}, C.~M. and {Contini}, T. and 
	{Cook}, R. and {Coppa}, G. and {Cucciati}, O. and {de la Torre}, S. and 
	{de Ravel}, L. and {Franzetti}, P. and {Garilli}, B. and {Hasinger}, G. and 
	{Iovino}, A. and {Kampczyk}, P. and {Kneib}, J.-P. and {Knobel}, C. and 
	{Kovac}, K. and {Le Borgne}, J.~F. and {Le Brun}, V. and {F{\`e}vre}, O.~L. and 
	{Lilly}, S. and {Looper}, D. and {Maier}, C. and {Mainieri}, V. and 
	{Mellier}, Y. and {Mignoli}, M. and {Murayama}, T. and {Pell{\`o}}, R. and 
	{Peng}, Y. and {P{\'e}rez-Montero}, E. and {Renzini}, A. and 
	{Ricciardelli}, E. and {Schiminovich}, D. and {Scodeggio}, M. and 
	{Shioya}, Y. and {Silverman}, J. and {Surace}, J. and {Tanaka}, M. and 
	{Tasca}, L. and {Tresse}, L. and {Vergani}, D. and {Zucca}, E.
	},
    title = "{Cosmos Photometric Redshifts with 30-Bands for 2-deg$^{2}$}",
  journal = {\apj},
archivePrefix = "arXiv",
   eprint = {0809.2101},
 keywords = {galaxies: distances and redshifts, galaxies: evolution, galaxies: formation},
     year = 2009,
    month = jan,
   volume = 690,
    pages = {1236-1249},
      doi = {10.1088/0004-637X/690/2/1236},
   adsurl = {http://adsabs.harvard.edu/abs/2009ApJ...690.1236I},
  adsnote = {Provided by the SAO/NASA Astrophysics Data System}
}


% Stellar mass measurement
@ARTICLE{taylor2011,
   author = {{Taylor}, E.~N. and {Hopkins}, A.~M. and {Baldry}, I.~K. and 
	{Brown}, M.~J.~I. and {Driver}, S.~P. and {Kelvin}, L.~S. and 
	{Hill}, D.~T. and {Robotham}, A.~S.~G. and {Bland-Hawthorn}, J. and 
	{Jones}, D.~H. and {Sharp}, R.~G. and {Thomas}, D. and {Liske}, J. and 
	{Loveday}, J. and {Norberg}, P. and {Peacock}, J.~A. and {Bamford}, S.~P. and 
	{Brough}, S. and {Colless}, M. and {Cameron}, E. and {Conselice}, C.~J. and 
	{Croom}, S.~M. and {Frenk}, C.~S. and {Gunawardhana}, M. and 
	{Kuijken}, K. and {Nichol}, R.~C. and {Parkinson}, H.~R. and 
	{Phillipps}, S. and {Pimbblet}, K.~A. and {Popescu}, C.~C. and 
	{Prescott}, M. and {Sutherland}, W.~J. and {Tuffs}, R.~J. and 
	{van Kampen}, E. and {Wijesinghe}, D.},
    title = "{Galaxy And Mass Assembly (GAMA): stellar mass estimates}",
  journal = {\mnras},
archivePrefix = "arXiv",
   eprint = {1108.0635},
 primaryClass = "astro-ph.CO",
 keywords = {catalogues, galaxies: evolution, galaxies: formation, galaxies: fundamental parameters, galaxies: stellar content},
     year = 2011,
    month = dec,
   volume = 418,
    pages = {1587-1620},
      doi = {10.1111/j.1365-2966.2011.19536.x},
   adsurl = {http://adsabs.harvard.edu/abs/2011MNRAS.418.1587T},
  adsnote = {Provided by the SAO/NASA Astrophysics Data System}
}


@ARTICLE{gallazzi2009,
   author = {{Gallazzi}, A. and {Bell}, E.~F.},
    title = "{Stellar Mass-to-Light Ratios from Galaxy Spectra: How Accurate Can They Be?}",
  journal = {\apjs},
archivePrefix = "arXiv",
   eprint = {0910.1591},
 keywords = {galaxies: fundamental parameters, galaxies: stellar content, methods: data analysis},
     year = 2009,
    month = dec,
   volume = 185,
    pages = {253-272},
      doi = {10.1088/0067-0049/185/2/253},
   adsurl = {http://adsabs.harvard.edu/abs/2009ApJS..185..253G},
  adsnote = {Provided by the SAO/NASA Astrophysics Data System}
}


@ARTICLE{dejong2015,
   author = {{\SortNoop{Jong}}de Jong, J.~T.~A. and {Verdoes Kleijn}, G.~A. and {Boxhoorn}, D.~R. and 
	{Buddelmeijer}, H. and {Capaccioli}, M. and {Getman}, F. and 
	{Grado}, A. and {Helmich}, E. and {Huang}, Z. and {Irisarri}, N. and 
	{Kuijken}, K. and {La Barbera}, F. and {McFarland}, J.~P. and 
	{Napolitano}, N.~R. and {Radovich}, M. and {Sikkema}, G. and 
	{Valentijn}, E.~A. and {Begeman}, K.~G. and {Brescia}, M. and 
	{Cavuoti}, S. and {Choi}, A. and {Cordes}, O.-M. and {Covone}, G. and 
	{Dall'Ora}, M. and {Hildebrandt}, H. and {Longo}, G. and {Nakajima}, R. and 
	{Paolillo}, M. and {Puddu}, E. and {Rifatto}, A. and {Tortora}, C. and 
	{van Uitert}, E. and {Buddendiek}, A. and {Harnois-D{\'e}raps}, J. and 
	{Erben}, T. and {Eriksen}, M.~B. and {Heymans}, C. and {Hoekstra}, H. and 
	{Joachimi}, B. and {Kitching}, T.~D. and {Klaes}, D. and {Koopmans}, L.~V.~E. and 
	{K{\"o}hlinger}, F. and {Roy}, N. and {Sif{\'o}n}, C. and {Schneider}, P. and 
	{Sutherland}, W.~J. and {Viola}, M. and {Vriend}, W.-J.},
    title = "{The first and second data releases of the Kilo-Degree Survey}",
  journal = {\aap},
archivePrefix = "arXiv",
   eprint = {1507.00742},
 keywords = {methods: observational, surveys, galaxies: general, large-scale structure of Universe},
     year = 2015,
    month = oct,
   volume = 582,
      eid = {A62},
    pages = {A62},
      doi = {10.1051/0004-6361/201526601},
   adsurl = {http://adsabs.harvard.edu/abs/2015A%26A...582A..62D},
  adsnote = {Provided by the SAO/NASA Astrophysics Data System}
}


% Luminosity evolution

@ARTICLE{tinsley1972,
   author = {{Tinsley}, B.~M.},
    title = "{Stellar Evolution in Elliptical Galaxies}",
  journal = {\apj},
     year = 1972,
    month = dec,
   volume = 178,
    pages = {319-336},
      doi = {10.1086/151793},
   adsurl = {http://adsabs.harvard.edu/abs/1972ApJ...178..319T},
  adsnote = {Provided by the SAO/NASA Astrophysics Data System}
}

@ARTICLE{petrosian1976,
   author = {{Petrosian}, V.},
    title = "{Surface brightness and evolution of galaxies}",
  journal = {\apjl},
 keywords = {Astronomical Models, Galactic Evolution, Luminous Intensity, Red Shift, Surface Properties, Big Bang Cosmology, Cosmology, Hubble Diagram, Iterative Solution, Point Sources},
     year = 1976,
    month = oct,
   volume = 209,
    pages = {L1-L5},
      doi = {10.1086/182253},
   adsurl = {http://adsabs.harvard.edu/abs/1976ApJ...209L...1P},
  adsnote = {Provided by the SAO/NASA Astrophysics Data System}
}


% Source detection

@ARTICLE{bertin1996,
   author = {{Bertin}, E. and {Arnouts}, S.},
    title = "{SExtractor: Software for source extraction.}",
  journal = {\aaps},
 keywords = {METHODS: DATA ANALYSIS, TECHNIQUES: IMAGE PROCESSING, GALAXIES: PHOTOMETRY},
     year = 1996,
    month = jun,
   volume = 117,
    pages = {393-404},
      doi = {10.1051/aas:1996164},
   adsurl = {http://adsabs.harvard.edu/abs/1996A%26AS..117..393B},
  adsnote = {Provided by the SAO/NASA Astrophysics Data System}
}


% Shape measurement

@ARTICLE{miller2007,
   author = {{Miller}, L. and {Kitching}, T.~D. and {Heymans}, C. and {Heavens}, A.~F. and 
	{van Waerbeke}, L.},
    title = "{Bayesian galaxy shape measurement for weak lensing surveys - I. Methodology and a fast-fitting algorithm}",
  journal = {\mnras},
archivePrefix = "arXiv",
   eprint = {0708.2340},
 keywords = {gravitational lensing, methods: data analysis, methods: statistical, techniques: miscellaneous},
     year = 2007,
    month = nov,
   volume = 382,
    pages = {315-324},
      doi = {10.1111/j.1365-2966.2007.12363.x},
   adsurl = {http://adsabs.harvard.edu/abs/2007MNRAS.382..315M},
  adsnote = {Provided by the SAO/NASA Astrophysics Data System}
}



@ARTICLE{miller2013,
   author = {{Miller}, L. and {Heymans}, C. and {Kitching}, T.~D. and {van Waerbeke}, L. and 
	{Erben}, T. and {Hildebrandt}, H. and {Hoekstra}, H. and {Mellier}, Y. and 
	{Rowe}, B.~T.~P. and {Coupon}, J. and {Dietrich}, J.~P. and 
	{Fu}, L. and {Harnois-D{\'e}raps}, J. and {Hudson}, M.~J. and 
	{Kilbinger}, M. and {Kuijken}, K. and {Schrabback}, T. and {Semboloni}, E. and 
	{Vafaei}, S. and {Velander}, M.},
    title = "{Bayesian galaxy shape measurement for weak lensing surveys - III. Application to the Canada-France-Hawaii Telescope Lensing Survey}",
  journal = {\mnras},
archivePrefix = "arXiv",
   eprint = {1210.8201},
 primaryClass = "astro-ph.CO",
 keywords = {gravitational lensing: weak, methods: data analysis, methods: statistical, cosmology: observations},
     year = 2013,
    month = mar,
   volume = 429,
    pages = {2858-2880},
      doi = {10.1093/mnras/sts454},
   adsurl = {http://adsabs.harvard.edu/abs/2013MNRAS.429.2858M},
  adsnote = {Provided by the SAO/NASA Astrophysics Data System}
}


@ARTICLE{fenechconti2017,
   author = {{Fenech Conti}, I. and {Herbonnet}, R. and {Hoekstra}, H. and 
	{Merten}, J. and {Miller}, L. and {Viola}, M.},
    title = "{Calibration of weak-lensing shear in the Kilo-Degree Survey}",
  journal = {\mnras},
archivePrefix = "arXiv",
   eprint = {1606.05337},
 keywords = {gravitational lensing: weak, surveys, cosmology: observations},
     year = 2017,
    month = may,
   volume = 467,
    pages = {1627-1651},
      doi = {10.1093/mnras/stx200},
   adsurl = {http://adsabs.harvard.edu/abs/2017MNRAS.467.1627F},
  adsnote = {Provided by the SAO/NASA Astrophysics Data System}
}

@ARTICLE{kuijken2008,
   author = {{Kuijken}, K.},
    title = "{GaaP: PSF- and aperture-matched photometry using shapelets}",
  journal = {\aap},
   eprint = {astro-ph/0610606},
 keywords = {techniques: image processing, methods: data analysis, techniques: photometric, galaxies: fundamental parameters},
     year = 2008,
    month = may,
   volume = 482,
    pages = {1053-1067},
      doi = {10.1051/0004-6361:20066601},
   adsurl = {http://adsabs.harvard.edu/abs/2008A%26A...482.1053K},
  adsnote = {Provided by the SAO/NASA Astrophysics Data System}
}

@ARTICLE{heymans2012,
   author = {{Heymans}, C. and {Van Waerbeke}, L. and {Miller}, L. and {Erben}, T. and 
	{Hildebrandt}, H. and {Hoekstra}, H. and {Kitching}, T.~D. and 
	{Mellier}, Y. and {Simon}, P. and {Bonnett}, C. and {Coupon}, J. and 
	{Fu}, L. and {Harnois D{\'e}raps}, J. and {Hudson}, M.~J. and 
	{Kilbinger}, M. and {Kuijken}, K. and {Rowe}, B. and {Schrabback}, T. and 
	{Semboloni}, E. and {van Uitert}, E. and {Vafaei}, S. and {Velander}, M.
	},
    title = "{CFHTLenS: the Canada-France-Hawaii Telescope Lensing Survey}",
  journal = {\mnras},
archivePrefix = "arXiv",
   eprint = {1210.0032},
 keywords = {gravitational lensing: weak, cosmology: observations},
     year = 2012,
    month = nov,
   volume = 427,
    pages = {146-166},
      doi = {10.1111/j.1365-2966.2012.21952.x},
   adsurl = {http://adsabs.harvard.edu/abs/2012MNRAS.427..146H},
  adsnote = {Provided by the SAO/NASA Astrophysics Data System}
}

@ARTICLE{mcfarland2013,
   author = {{McFarland}, J.~P. and {Verdoes-Kleijn}, G. and {Sikkema}, G. and 
	{Helmich}, E.~M. and {Boxhoorn}, D.~R. and {Valentijn}, E.~A.
	},
    title = "{The Astro-WISE optical image pipeline. Development and implementation}",
  journal = {Experimental Astronomy},
 keywords = {Wide-field imaging, Data processing, Information system},
     year = 2013,
    month = jan,
   volume = 35,
    pages = {45-78},
      doi = {10.1007/s10686-011-9266-x},
   adsurl = {http://adsabs.harvard.edu/abs/2013ExA....35...45M},
  adsnote = {Provided by the SAO/NASA Astrophysics Data System}
}


@INPROCEEDINGS{valentijn2007astrowise,
   author = {{Valentijn}, E.~A. and {McFarland}, J.~P. and {Snigula}, J. and 
	{Begeman}, K.~G. and {Boxhoorn}, D.~R. and {Rengelink}, R. and 
	{Helmich}, E. and {Heraudeau}, P. and {Verdoes Kleijn}, G. and 
	{Vermeij}, R. and {Vriend}, W.-J. and {Tempelaar}, M.~J. and 
	{Deul}, E. and {Kuijken}, K. and {Capaccioli}, M. and {Silvotti}, R. and 
	{Bender}, R. and {Neeser}, M. and {Saglia}, R. and {Bertin}, E. and 
	{Mellier}, Y.},
    title = "{Astro-WISE: Chaining to the Universe}",
booktitle = {Astronomical Data Analysis Software and Systems XVI},
     year = 2007,
   series = {Astronomical Society of the Pacific Conference Series},
   volume = 376,
   eprint = {astro-ph/0702189},
   editor = {{Shaw}, R.~A. and {Hill}, F. and {Bell}, D.~J.},
    month = oct,
    pages = {491},
   adsurl = {http://adsabs.harvard.edu/abs/2007ASPC..376..491V},
  adsnote = {Provided by the SAO/NASA Astrophysics Data System}
}

@ARTICLE{begeman2013astrowise,
   author = {{Begeman}, K. and {Belikov}, A.~N. and {Boxhoorn}, D.~R. and 
	{Valentijn}, E.~A.},
    title = "{The Astro-WISE datacentric information system}",
  journal = {Experimental Astronomy},
archivePrefix = "arXiv",
   eprint = {1208.0447},
 primaryClass = "astro-ph.IM",
 keywords = {Data grid, Grid computing, Information system, Middleware},
     year = 2013,
    month = jan,
   volume = 35,
    pages = {1-23},
      doi = {10.1007/s10686-012-9311-4},
   adsurl = {http://adsabs.harvard.edu/abs/2013ExA....35....1B},
  adsnote = {Provided by the SAO/NASA Astrophysics Data System}
}



% Photo-z measurement

@ARTICLE{benitez2000,
   author = {{Ben{\'{\i}}tez}, N.},
    title = "{Bayesian Photometric Redshift Estimation}",
  journal = {\apj},
   eprint = {astro-ph/9811189},
 keywords = {Galaxies: Distances and Redshifts, Galaxies: Photometry, Methods: Statistical},
     year = 2000,
    month = jun,
   volume = 536,
    pages = {571-583},
      doi = {10.1086/308947},
   adsurl = {http://adsabs.harvard.edu/abs/2000ApJ...536..571B},
  adsnote = {Provided by the SAO/NASA Astrophysics Data System}
}



@ARTICLE{hildebrandt2012,
   author = {{Hildebrandt}, H. and {Erben}, T. and {Kuijken}, K. and {van Waerbeke}, L. and 
	{Heymans}, C. and {Coupon}, J. and {Benjamin}, J. and {Bonnett}, C. and 
	{Fu}, L. and {Hoekstra}, H. and {Kitching}, T.~D. and {Mellier}, Y. and 
	{Miller}, L. and {Velander}, M. and {Hudson}, M.~J. and {Rowe}, B.~T.~P. and 
	{Schrabback}, T. and {Semboloni}, E. and {Ben{\'{\i}}tez}, N.
	},
    title = "{CFHTLenS: improving the quality of photometric redshifts with precision photometry}",
  journal = {\mnras},
archivePrefix = "arXiv",
   eprint = {1111.4434},
 keywords = {galaxies: abundances, galaxies: high-redshift, galaxies: photometry},
     year = 2012,
    month = apr,
   volume = 421,
    pages = {2355-2367},
      doi = {10.1111/j.1365-2966.2012.20468.x},
   adsurl = {http://adsabs.harvard.edu/abs/2012MNRAS.421.2355H},
  adsnote = {Provided by the SAO/NASA Astrophysics Data System}
}



% Mass-concentration relation
@article{duffy2008massrelation,
  title={Dark matter halo concentrations in the Wilkinson Microwave Anisotropy Probe year 5 cosmology},
  author={Duffy, Alan R and Schaye, Joop and Kay, Scott T and Dalla Vecchia, Claudio},
  journal={\mnras: Letters},
  volume={390},
  number={1},
  pages={L64--L68},
  year={2008},
  publisher={Oxford University Press}
}

@article{dutton2014massrelation,
   author = {{Dutton}, A.~A. and {Macci{\`o}}, A.~V.},
    title = "{Cold dark matter haloes in the Planck era: evolution of structural parameters for Einasto and NFW profiles}",
  journal = {\mnras},
archivePrefix = "arXiv",
   eprint = {1402.7073},
 keywords = {methods: numerical, galaxies: haloes, cosmology: theory, dark matter},
     year = 2014,
    month = jul,
   volume = 441,
    pages = {3359-3374},
  adsnote = {Provided by the SAO/NASA Astrophysics Data System}
}


% Halo model
@article{wright2000model,
  title={Gravitational lensing by NFW halos},
  author={Wright, Candace Oaxaca and Brainerd, Tereasa G},
  journal={\apj},
  volume={534},
  number={1},
  pages={34},
  year={2000},
  publisher={IOP Publishing}
}

% Simulations

@ARTICLE{velliscig2015,
   author = {{Velliscig}, M. and {Cacciato}, M. and {Schaye}, J. and {Crain}, R.~A. and 
	{Bower}, R.~G. and {van Daalen}, M.~P. and {Dalla Vecchia}, C. and 
	{Frenk}, C.~S. and {Furlong}, M. and {McCarthy}, I.~G. and {Schaller}, M. and 
	{Theuns}, T.},
    title = "{The alignment and shape of dark matter, stellar, and hot gas distributions in the EAGLE and cosmo-OWLS simulations}",
  journal = {\mnras},
archivePrefix = "arXiv",
   eprint = {1504.04025},
 keywords = {galaxies: formation, galaxies: haloes, cosmology: theory, large-scale structure of Universe},
     year = 2015,
    month = oct,
   volume = 453,
    pages = {721-738},
      doi = {10.1093/mnras/stv1690},
   adsurl = {http://adsabs.harvard.edu/abs/2015MNRAS.453..721V},
  adsnote = {Provided by the SAO/NASA Astrophysics Data System}
}

@ARTICLE{boylan2009,
   author = {{Boylan-Kolchin}, M. and {Springel}, V. and {White}, S.~D.~M. and 
	{Jenkins}, A. and {Lemson}, G.},
    title = "{Resolving cosmic structure formation with the Millennium-II Simulation}",
  journal = {\mnras},
archivePrefix = "arXiv",
   eprint = {0903.3041},
 primaryClass = "astro-ph.CO",
 keywords = {methods: N-body simulations , galaxies: haloes , cosmology: theory},
     year = 2009,
    month = sep,
   volume = 398,
    pages = {1150-1164},
      doi = {10.1111/j.1365-2966.2009.15191.x},
   adsurl = {http://adsabs.harvard.edu/abs/2009MNRAS.398.1150B},
  adsnote = {Provided by the SAO/NASA Astrophysics Data System}
}



% NFW profile
@ARTICLE{navarro1996,
   author = {{Navarro}, J.~F. and {Frenk}, C.~S. and {White}, S.~D.~M.},
    title = "{The Structure of Cold Dark Matter Halos}",
  journal = {\apj},
   eprint = {astro-ph/9508025},
 keywords = {COSMOLOGY: THEORY, COSMOLOGY: DARK MATTER, GALAXIES: HALOS, METHODS: NUMERICAL},
     year = 1996,
    month = may,
   volume = 462,
    pages = {563},
      doi = {10.1086/177173},
   adsurl = {http://adsabs.harvard.edu/abs/1996ApJ...462..563N},
  adsnote = {Provided by the SAO/NASA Astrophysics Data System}
}


% Bias
@ARTICLE{tinker2010,
   author = {{Tinker}, J.~L. and {Robertson}, B.~E. and {Kravtsov}, A.~V. and 
	{Klypin}, A. and {Warren}, M.~S. and {Yepes}, G. and {Gottl{\"o}ber}, S.
	},
    title = "{The Large-scale Bias of Dark Matter Halos: Numerical Calibration and Model Tests}",
  journal = {\apj},
archivePrefix = "arXiv",
   eprint = {1001.3162},
 keywords = {cosmology: theory, large-scale structure of universe, methods: numerical},
     year = 2010,
    month = dec,
   volume = 724,
    pages = {878-886},
      doi = {10.1088/0004-637X/724/2/878},
   adsurl = {http://adsabs.harvard.edu/abs/2010ApJ...724..878T},
  adsnote = {Provided by the SAO/NASA Astrophysics Data System}
}


@ARTICLE{benson2000,
   author = {{Benson}, A.~J. and {Cole}, S. and {Frenk}, C.~S. and {Baugh}, C.~M. and 
	{Lacey}, C.~G.},
    title = "{The nature of galaxy bias and clustering}",
  journal = {\mnras},
   eprint = {astro-ph/9903343},
 keywords = {GALAXIES: FORMATION, GALAXIES: STATISTICS, LARGE-SCALE STRUCTURE OF UNIVERSE},
     year = 2000,
    month = feb,
   volume = 311,
    pages = {793-808},
      doi = {10.1046/j.1365-8711.2000.03101.x},
   adsurl = {http://adsabs.harvard.edu/abs/2000MNRAS.311..793B},
  adsnote = {Provided by the SAO/NASA Astrophysics Data System}
}



% Dark matter power spectrum
@article{bosch2002powerspectrum,
  title={The universal mass accretion history of cold dark matter haloes},
  author={{\swap{Bosch}{van den }}, Frank C},
  journal={\mnras},
  volume={331},
  number={1},
  pages={98--110},
  year={2002},
  publisher={Oxford University Press}
}

% EMCEE sampler
@article{foreman2013emcee,
  title={emcee: The MCMC hammer},
  author={Foreman-Mackey, Daniel and Hogg, David W and Lang, Dustin and Goodman, Jonathan},
  journal={\pasp},
  volume={125},
  number={925},
  pages={306--312},
  year={2013},
  publisher={JSTOR}
}

% MCMC method
@article{goodman2010mcmc,
  title={Ensemble samplers with affine invariance},
  author={Goodman, Jonathan and Weare, Jonathan},
  journal={Communications in Applied Mathematics and Computational Science},
  volume={5},
  number={1},
  pages={65--80},
  year={2010},
  publisher={Mathematical Sciences Publishers}
}

% Statistics
@ARTICLE{gould2003,
   author = {{Gould}, A.},
    title = "{chi\^{}2 and Linear Fits}",
  journal = {ArXiv Astrophysics e-prints},
   eprint = {astro-ph/0310577},
 keywords = {Astrophysics},
     year = 2003,
    month = oct,
   adsurl = {http://adsabs.harvard.edu/abs/2003astro.ph.10577G},
  adsnote = {Provided by the SAO/NASA Astrophysics Data System}
}

@ARTICLE{schwarz1978,
   author = {{Schwarz}, G.},
    title = "{Estimating the Dimension of a Model}",
  journal = {Annals of Statistics},
     year = 1978,
    month = jul,
   volume = 6,
    pages = {461-464},
   adsurl = {http://adsabs.harvard.edu/abs/1978AnSta...6..461S},
  adsnote = {Provided by the SAO/NASA Astrophysics Data System}
}

@ARTICLE{andrae2010,
   author = {{Andrae}, R. and {Schulze-Hartung}, T. and {Melchior}, P.},
    title = "{Dos and don'ts of reduced chi-squared}",
  journal = {ArXiv e-prints},
archivePrefix = "arXiv",
   eprint = {1012.3754},
 primaryClass = "astro-ph.IM",
 keywords = {Astrophysics - Instrumentation and Methods for Astrophysics, Physics - Data Analysis, Statistics and Probability, Statistics - Methodology},
     year = 2010,
    month = dec,
   adsurl = {http://adsabs.harvard.edu/abs/2010arXiv1012.3754A},
  adsnote = {Provided by the SAO/NASA Astrophysics Data System}
}


@article{akaike1973, 
author = {Akaike, Htrotugu}, 
title = {Maximum likelihood identification of Gaussian autoregressive moving average models},
volume = {60}, 
number = {2}, 
pages = {255-265}, 
year = {1973}, 
doi = {10.1093/biomet/60.2.255}, 
URL = {http://biomet.oxfordjournals.org/content/60/2/255.abstract}, 
eprint = {http://biomet.oxfordjournals.org/content/60/2/255.full.pdf+html}, 
journal = {Biometrika} 
}

@ARTICLE{liddle2007,
   author = {{Liddle}, A.~R.},
    title = "{Information criteria for astrophysical model selection}",
  journal = {\mnras},
   eprint = {astro-ph/0701113},
 keywords = {methods: data analysis, methods: statistical, cosmology: theory},
     year = 2007,
    month = may,
   volume = 377,
    pages = {L74-L78},
      doi = {10.1111/j.1745-3933.2007.00306.x},
   adsurl = {http://adsabs.harvard.edu/abs/2007MNRAS.377L..74L},
  adsnote = {Provided by the SAO/NASA Astrophysics Data System}
}

@ARTICLE{kass1995,
author = {Robert E. Kass and Adrian E. Raftery},
title = {Bayes Factors},
journal = {Journal of the American Statistical Association},
volume = {90},
number = {430},
pages = {773-795},
year = {1995},
doi = {10.1080/01621459.1995.10476572},
URL = {http://amstat.tandfonline.com/doi/abs/10.1080/01621459.1995.10476572},
eprint = {http://amstat.tandfonline.com/doi/pdf/10.1080/01621459.1995.10476572}
}

@ARTICLE{somerville2004,
   author = {{Somerville}, R.~S. and {Lee}, K. and {Ferguson}, H.~C. and 
	{Gardner}, J.~P. and {Moustakas}, L.~A. and {Giavalisco}, M.
	},
    title = "{Cosmic Variance in the Great Observatories Origins Deep Survey}",
  journal = {\apjl},
   eprint = {astro-ph/0309071},
 keywords = {Galaxies: Statistics, Cosmology: Large-Scale Structure of Universe},
     year = 2004,
    month = jan,
   volume = 600,
    pages = {L171-L174},
      doi = {10.1086/378628},
   adsurl = {http://adsabs.harvard.edu/abs/2004ApJ...600L.171S},
  adsnote = {Provided by the SAO/NASA Astrophysics Data System}
}



% Euclid satellite

@ARTICLE{laureijs2011,
   author = {{Laureijs}, R. and {Amiaux}, J. and {Arduini}, S. and {Augu{\`e}res}, J.~-. and 
	{Brinchmann}, J. and {Cole}, R. and {Cropper}, M. and {Dabin}, C. and 
	{Duvet}, L. and {Ealet}, A. and et al.},
    title = "{Euclid Definition Study Report}",
  journal = {ArXiv e-prints},
archivePrefix = "arXiv",
   eprint = {1110.3193},
 primaryClass = "astro-ph.CO",
 keywords = {Astrophysics - Cosmology and Extragalactic Astrophysics, Astrophysics - Galaxy Astrophysics},
     year = 2011,
    month = oct,
   adsurl = {http://adsabs.harvard.edu/abs/2011arXiv1110.3193L},
  adsnote = {Provided by the SAO/NASA Astrophysics Data System}
}

% LSST telescope

@ARTICLE{lsst2012,
   author = {{Dark Energy Science Collaboration}},
    title = "{Large Synoptic Survey Telescope: Dark Energy Science Collaboration}",
  journal = {ArXiv e-prints},
archivePrefix = "arXiv",
   eprint = {1211.0310},
 primaryClass = "astro-ph.CO",
 keywords = {Astrophysics - Cosmology and Extragalactic Astrophysics, High Energy Physics - Experiment},
     year = 2012,
    month = nov,
   adsurl = {http://adsabs.harvard.edu/abs/2012arXiv1211.0310L},
  adsnote = {Provided by the SAO/NASA Astrophysics Data System}
}

% Python

@article{perez2007ipython,
  title={IPython: a system for interactive scientific computing},
  author={P{\'e}rez, Fernando and Granger, Brian E},
  journal={Computing in Science \& Engineering},
  volume={9},
  number={3},
  pages={21--29},
  year={2007},
  publisher={AIP Publishing}
}

@article{hunter2007matplotlib,
  title={Matplotlib: A 2D graphics environment},
  author={Hunter, John D and others},
  journal={Computing in science and engineering},
  volume={9},
  number={3},
  pages={90--95},
  year={2007}
}

@ARTICLE{foreman-mackey13,
   author = {{Foreman-Mackey}, D. and {Hogg}, D.~W. and {Lang}, D. and {Goodman}, J.},
    title = "{emcee: The MCMC Hammer}",
  journal = {\pasp},
archivePrefix = "arXiv",
   eprint = {1202.3665},
 primaryClass = "astro-ph.IM",
     year = 2013,
    month = mar,
   volume = 125,
    pages = {306},
      doi = {10.1086/670067},
   adsurl = {http://adsabs.harvard.edu/abs/2013PASP..125..306F},
  adsnote = {Provided by the SAO/NASA Astrophysics Data System}
}

@ARTICLE{Behroozi13,
       author = {{Behroozi}, Peter S. and {Marchesini}, Danilo and {Wechsler}, Risa H. and {Muzzin}, Adam and {Papovich}, Casey and {Stefanon}, Mauro},
        title = "{Using Cumulative Number Densities to Compare Galaxies across Cosmic Time}",
      journal = {\apj},
     keywords = {galaxies: evolution, Astrophysics - Cosmology and Extragalactic Astrophysics},
         year = "2013",
        month = "Nov",
       volume = {777},
          eid = {L10},
        pages = {L10},
          doi = {10.1088/2041-8205/777/1/L10},
archivePrefix = {arXiv},
       eprint = {1308.3232},
 primaryClass = {astro-ph.CO},
       adsurl = {https://ui.adsabs.harvard.edu/abs/2013ApJ...777L..10B},
      adsnote = {Provided by the SAO/NASA Astrophysics Data System}
}

@ARTICLE{Ludlow14,
       author = {{Ludlow}, Aaron D. and {Navarro}, Julio F. and {Angulo}, Ra{\'u}l E. and {Boylan-Kolchin}, Michael and {Springel}, Volker and {Frenk}, Carlos and {White}, Simon D.~M.},
        title = "{The mass-concentration-redshift relation of cold dark matter haloes}",
      journal = {\mnras},
     keywords = {methods: numerical, dark matter, Astrophysics - Cosmology and Nongalactic Astrophysics},
         year = "2014",
        month = "Jun",
       volume = {441},
        pages = {378-388},
          doi = {10.1093/mnras/stu483},
archivePrefix = {arXiv},
       eprint = {1312.0945},
 primaryClass = {astro-ph.CO},
       adsurl = {https://ui.adsabs.harvard.edu/abs/2014MNRAS.441..378L},
      adsnote = {Provided by the SAO/NASA Astrophysics Data System}
}

@ARTICLE{mccarthy2018,
       author = {{McCarthy}, Ian G. and {Bird}, Simeon and {Schaye}, Joop and
         {Harnois-Deraps}, Joachim and {Font}, Andreea S. and
         {van Waerbeke}, Ludovic},
        title = "{The BAHAMAS project: the CMB-large-scale structure tension and the roles of massive neutrinos and galaxy formation}",
      journal = {\mnras},
     keywords = {galaxies: clusters: general, galaxies: haloes, large-scale structure of Universe, cosmology: theory, Astrophysics - Cosmology and Nongalactic Astrophysics},
         year = "2018",
        month = "May",
       volume = {476},
       number = {3},
        pages = {2999-3030},
          doi = {10.1093/mnras/sty377},
archivePrefix = {arXiv},
       eprint = {1712.02411},
 primaryClass = {astro-ph.CO},
       adsurl = {https://ui.adsabs.harvard.edu/abs/2018MNRAS.476.2999M},
      adsnote = {Provided by the SAO/NASA Astrophysics Data System}
}

@ARTICLE{dolag2009,
   author = {{Dolag}, K. and {Borgani}, S. and {Murante}, G. and {Springel}, V.},
    title = "{Substructures in hydrodynamical cluster simulations}",
  journal = {\mnras},
archivePrefix = "arXiv",
   eprint = {0808.3401},
 keywords = {hydrodynamics , methods: numerical , galaxies: clusters: general , galaxies: evolution , cosmology: theory},
     year = 2009,
    month = oct,
   volume = 399,
    pages = {497-514},
      doi = {10.1111/j.1365-2966.2009.15034.x},
   adsurl = {http://adsabs.harvard.edu/abs/2009MNRAS.399..497D},
  adsnote = {Provided by the SAO/NASA Astrophysics Data System}
}

@ARTICLE{springel2001,
   author = {{Springel}, V. and {White}, S.~D.~M. and {Tormen}, G. and {Kauffmann}, G.},
    title = "{Populating a cluster of galaxies - I. Results at [formmu2]z=0}",
  journal = {\mnras},
   eprint = {astro-ph/0012055},
 keywords = {GALAXIES: CLUSTERS: GENERAL, GALAXIES: FORMATION, DARK MATTER},
     year = 2001,
    month = dec,
   volume = 328,
    pages = {726-750},
      doi = {10.1046/j.1365-8711.2001.04912.x},
   adsurl = {http://adsabs.harvard.edu/abs/2001MNRAS.328..726S},
  adsnote = {Provided by the SAO/NASA Astrophysics Data System}
}

@ARTICLE{davis1985,
   author = {{Davis}, M. and {Efstathiou}, G. and {Frenk}, C.~S. and {White}, S.~D.~M.},
    title = "{The evolution of large-scale structure in a universe dominated by cold dark matter}",
  journal = {\apj},
 keywords = {Computational Astrophysics, Cosmology, Galactic Clusters, Galactic Evolution, Missing Mass (Astrophysics), Weak Interactions (Field Theory), Astronomical Models, Computerized Simulation, Correlation, Many Body Problem, Mass Distribution, Mass To Light Ratios, Matter (Physics), Radial Velocity, Red Shift},
     year = 1985,
    month = may,
   volume = 292,
    pages = {371-394},
      doi = {10.1086/163168},
   adsurl = {https://ui.adsabs.harvard.edu/abs/1985ApJ...292..371D},
  adsnote = {Provided by the SAO/NASA Astrophysics Data System}
}

@ARTICLE{tumlinson2017,
       author = {{Tumlinson}, Jason and {Peeples}, Molly S. and {Werk}, Jessica K.},
        title = "{The Circumgalactic Medium}",
      journal = {\araa},
     keywords = {Astrophysics - Astrophysics of Galaxies},
         year = "2017",
        month = "Aug",
       volume = {55},
       number = {1},
        pages = {389-432},
          doi = {10.1146/annurev-astro-091916-055240},
archivePrefix = {arXiv},
       eprint = {1709.09180},
 primaryClass = {astro-ph.GA},
       adsurl = {https://ui.adsabs.harvard.edu/abs/2017ARA&A..55..389T},
      adsnote = {Provided by the SAO/NASA Astrophysics Data System}
}

