@preamble{"\newcommand{\SortNoop}[1]{}"}

% Trough lensing paper

@ARTICLE{gruen2016,
   author = {{Gruen}, D. and {Friedrich}, O. and {Amara}, A. and {Bacon}, D. and 
	{Bonnett}, C. and {Hartley}, W. and {Jain}, B. and {Jarvis}, M. and 
	{Kacprzak}, T. and {Krause}, E. and {Mana}, A. and {Rozo}, E. and 
	{Rykoff}, E.~S. and {Seitz}, S. and {Sheldon}, E. and {Troxel}, M.~A. and 
	{Vikram}, V. and {Abbott}, T.~M.~C. and {Abdalla}, F.~B. and 
	{Allam}, S. and {Armstrong}, R. and {Banerji}, M. and {Bauer}, A.~H. and 
	{Becker}, M.~R. and {Benoit-L{\'e}vy}, A. and {Bernstein}, G.~M. and 
	{Bernstein}, R.~A. and {Bertin}, E. and {Bridle}, S.~L. and 
	{Brooks}, D. and {Buckley-Geer}, E. and {Burke}, D.~L. and {Capozzi}, D. and 
	{Carnero Rosell}, A. and {Carrasco Kind}, M. and {Carretero}, J. and 
	{Crocce}, M. and {Cunha}, C.~E. and {D'Andrea}, C.~B. and {da Costa}, L.~N. and 
	{DePoy}, D.~L. and {Desai}, S. and {Diehl}, H.~T. and {Dietrich}, J.~P. and 
	{Doel}, P. and {Eifler}, T.~F. and {Neto}, A.~F. and {Fernandez}, E. and 
	{Flaugher}, B. and {Fosalba}, P. and {Frieman}, J. and {Gerdes}, D.~W. and 
	{Gruendl}, R.~A. and {Gutierrez}, G. and {Honscheid}, K. and 
	{James}, D.~J. and {Kuehn}, K. and {Kuropatkin}, N. and {Lahav}, O. and 
	{Li}, T.~S. and {Lima}, M. and {Maia}, M.~A.~G. and {March}, M. and 
	{Martini}, P. and {Melchior}, P. and {Miller}, C.~J. and {Miquel}, R. and 
	{Mohr}, J.~J. and {Nord}, B. and {Ogando}, R. and {Plazas}, A.~A. and 
	{Reil}, K. and {Romer}, A.~K. and {Roodman}, A. and {Sako}, M. and 
	{Sanchez}, E. and {Scarpine}, V. and {Schubnell}, M. and {Sevilla-Noarbe}, I. and 
	{Smith}, R.~C. and {Soares-Santos}, M. and {Sobreira}, F. and 
	{Suchyta}, E. and {Swanson}, M.~E.~C. and {Tarle}, G. and {Thaler}, J. and 
	{Thomas}, D. and {Walker}, A.~R. and {Wechsler}, R.~H. and {Weller}, J. and 
	{Zhang}, Y. and {Zuntz}, J.},
    title = "{Weak lensing by galaxy troughs in DES Science Verification data}",
  journal = {\mnras},
archivePrefix = "arXiv",
   eprint = {1507.05090},
 keywords = {gravitational lensing: weak, cosmology: observations},
     year = 2016,
    month = jan,
   volume = 455,
    pages = {3367-3380},
      doi = {10.1093/mnras/stv2506},
   adsurl = {http://adsabs.harvard.edu/abs/2016MNRAS.455.3367G},
  adsnote = {Provided by the SAO/NASA Astrophysics Data System}
}

@ARTICLE{gruen2017,
   author = {{Gruen}, D. and {Friedrich}, O. and {Krause}, E. and {DeRose}, J. and 
	{Cawthon}, R. and {Davis}, C. and {Elvin-Poole}, J. and {Rykoff}, E.~S. and 
	{Wechsler}, R.~H. and {Alarcon}, A. and {Bernstein}, G.~M. and 
	{Blazek}, J. and {Chang}, C. and {Clampitt}, J. and {Crocce}, M. and 
	{De Vicente}, J. and {Gatti}, M. and {Gill}, M.~S.~S. and {Hartley}, W.~G. and 
	{Hilbert}, S. and {Hoyle}, B. and {Jain}, B. and {Jarvis}, M. and 
	{Lahav}, O. and {MacCrann}, N. and {McClintock}, T. and {Prat}, J. and 
	{Rollins}, R.~P. and {Ross}, A.~J. and {Rozo}, E. and {Samuroff}, S. and 
	{S{\'a}nchez}, C. and {Sheldon}, E. and {Troxel}, M.~A. and 
	{Zuntz}, J. and {Abbott}, T.~M.~C. and {Abdalla}, F.~B. and 
	{Allam}, S. and {Annis}, J. and {Bechtol}, K. and {Benoit-L{\'e}vy}, A. and 
	{Bertin}, E. and {Bridle}, S.~L. and {Brooks}, D. and {Buckley-Geer}, E. and 
	{Carnero Rosell}, A. and {Carrasco Kind}, M. and {Carretero}, J. and 
	{Cunha}, C.~E. and {D'Andrea}, C.~B. and {da Costa}, L.~N. and 
	{Desai}, S. and {Diehl}, H.~T. and {Dietrich}, J.~P. and {Doel}, P. and 
	{Drlica-Wagner}, A. and {Fernandez}, E. and {Flaugher}, B. and 
	{Fosalba}, P. and {Frieman}, J. and {Garc{\'{\i}}a-Bellido}, J. and 
	{Gaztanaga}, E. and {Giannantonio}, T. and {Gruendl}, R.~A. and 
	{Gschwend}, J. and {Gutierrez}, G. and {Honscheid}, K. and {James}, D.~J. and 
	{Jeltema}, T. and {Kuehn}, K. and {Kuropatkin}, N. and {Lima}, M. and 
	{March}, M. and {Marshall}, J.~L. and {Martini}, P. and {Melchior}, P. and 
	{Menanteau}, F. and {Miquel}, R. and {Mohr}, J.~J. and {Plazas}, A.~A. and 
	{Roodman}, A. and {Sanchez}, E. and {Scarpine}, V. and {Schubnell}, M. and 
	{Sevilla-Noarbe}, I. and {Smith}, M. and {Smith}, R.~C. and 
	{Soares-Santos}, M. and {Sobreira}, F. and {Swanson}, M.~E.~C. and 
	{Tarle}, G. and {Thomas}, D. and {Vikram}, V. and {Walker}, A.~R. and 
	{Weller}, J. and {Zhang}, Y.},
    title = "{Density split statistics: Cosmological constraints from counts and lensing in cells in DES Y1 and SDSS}",
  journal = {ArXiv e-prints},
archivePrefix = "arXiv",
   eprint = {1710.05045},
 keywords = {Astrophysics - Cosmology and Nongalactic Astrophysics},
     year = 2017,
    month = oct,
   adsurl = {http://adsabs.harvard.edu/abs/2017arXiv171005045G},
  adsnote = {Provided by the SAO/NASA Astrophysics Data System}
}

@ARTICLE{friedrich2017,
   author = {{Friedrich}, O. and {Gruen}, D. and {DeRose}, J. and {Kirk}, D. and 
    {Krause}, E. and {McClintock}, T. and {Rykoff}, E.~S. and {Seitz}, S. and 
    {Wechsler}, R.~H. and {Bernstein}, G.~M. and {Blazek}, J. and 
    {Chang}, C. and {Hilbert}, S. and {Jain}, B. and {Kovacs}, A. and 
    {Lahav}, O. and {Abdalla}, F.~B. and {Allam}, S. and {Annis}, J. and 
    {Bechtol}, K. and {Benoit-Levy}, A. and {Bertin}, E. and {Brooks}, D. and 
    {Carnero Rosell}, A. and {Carrasco Kind}, M. and {Carretero}, J. and 
    {Cunha}, C.~E. and {D'Andrea}, C.~B. and {da Costa}, L.~N. and 
    {Davis}, C. and {Desai}, S. and {Diehl}, H.~T. and {Dietrich}, J.~P. and 
    {Drlica-Wagner}, A. and {Eifler}, T.~F. and {Fosalba}, P. and 
    {Frieman}, J. and {Garcia-Bellido}, J. and {Gaztanaga}, E. and 
    {Gerdes}, D.~W. and {Giannantonio}, T. and {Gruendl}, R.~A. and 
    {Gschwend}, J. and {Gutierrez}, G. and {Honscheid}, K. and {James}, D.~J. and 
    {Jarvis}, M. and {Kuehn}, K. and {Kuropatkin}, N. and {Lima}, M. and 
    {March}, M. and {Marshall}, J.~L. and {Melchior}, P. and {Menanteau}, F. and 
    {Miquel}, R. and {Mohr}, J.~J. and {Nord}, B. and {Plazas}, A.~A. and 
    {Sanchez}, E. and {Scarpine}, V. and {Schindler}, R. and {Schubnell}, M. and 
    {Sevilla-Noarbe}, I. and {Sheldon}, E. and {Smith}, M. and {Soares-Santos}, M. and 
    {Sobreira}, F. and {Suchyta}, E. and {Swanson}, M.~E.~C. and 
    {Tarle}, G. and {Thomas}, D. and {Troxel}, M.~A. and {Vikram}, V. and 
    {Weller}, J.},
    title = "{Density split statistics: joint model of counts and lensing in cells}",
  journal = {ArXiv e-prints},
archivePrefix = "arXiv",
   eprint = {1710.05162},
 keywords = {Astrophysics - Cosmology and Nongalactic Astrophysics},
     year = 2017,
    month = oct,
   adsurl = {http://adsabs.harvard.edu/abs/2017arXiv171005162F},
  adsnote = {Provided by the SAO/NASA Astrophysics Data System}
}

@ARTICLE{drlica2017,
   author = {{Drlica-Wagner}, A. and {Sevilla-Noarbe}, I. and {Rykoff}, E.~S. and 
	{Gruendl}, R.~A. and {Yanny}, B. and {Tucker}, D.~L. and {Hoyle}, B. and 
	{Carnero Rosell}, A. and {Bernstein}, G.~M. and {Bechtol}, K. and 
	{Becker}, M.~R. and {Benoit-Levy}, A. and {Bertin}, E. and {Carrasco Kind}, M. and 
	{Davis}, C. and {de Vicente}, J. and {Diehl}, H.~T. and {Gruen}, D. and 
	{Hartley}, W.~G. and {Leistedt}, B. and {Li}, T.~S. and {Marshall}, J.~L. and 
	{Neilsen}, E. and {Rau}, M.~M. and {Sheldon}, E. and {Smith}, J. and 
	{Troxel}, M.~A. and {Wyatt}, S. and {Zhang}, Y. and {Abbott}, T.~M.~C. and 
	{Abdalla}, F.~B. and {Allam}, S. and {Banerji}, M. and {Brooks}, D. and 
	{Buckley-Geer}, E. and {Burke}, D.~L. and {Capozzi}, D. and 
	{Carretero}, J. and {Cunha}, C.~E. and {D'Andrea}, C.~B. and 
	{da Costa}, L.~N. and {DePoy}, D.~L. and {Desai}, S. and {Dietrich}, J.~P. and 
	{Doel}, P. and {Evrard}, A.~E. and {Fausti Neto}, A. and {Flaugher}, B. and 
	{Fosalba}, P. and {Frieman}, J. and {Garcia-Bellido}, J. and 
	{Gerdes}, D.~W. and {Giannantonio}, T. and {Gschwend}, J. and 
	{Gutierrez}, G. and {Honscheid}, K. and {James}, D.~J. and {Jeltema}, T. and 
	{Kuehn}, K. and {Kuhlmann}, S. and {Kuropatkin}, N. and {Lahav}, O. and 
	{Lima}, M. and {Lin}, H. and {Maia}, M.~A.~G. and {Martini}, P. and 
	{McMahon}, R.~G. and {Melchior}, P. and {Menanteau}, F. and 
	{Miquel}, R. and {Nichol}, R.~C. and {Ogando}, R.~L.~C. and 
	{Plazas}, A.~A. and {Romer}, A.~K. and {Roodman}, A. and {Sanchez}, E. and 
	{Scarpine}, V. and {Schindler}, R. and {Schubnell}, M. and {Smith}, M. and 
	{Smith}, R.~C. and {Soares-Santos}, M. and {Sobreira}, F. and 
	{Suchyta}, E. and {Tarle}, G. and {Vikram}, V. and {Walker}, A.~R. and 
	{Wechsler}, R.~H. and {Zuntz}, J.},
    title = "{Dark Energy Survey Year 1 Results: Photometric Data Set for Cosmology}",
  journal = {ArXiv e-prints},
archivePrefix = "arXiv",
   eprint = {1708.01531},
 keywords = {Astrophysics - Cosmology and Nongalactic Astrophysics, Astrophysics - Instrumentation and Methods for Astrophysics},
     year = 2017,
    month = aug,
   adsurl = {http://adsabs.harvard.edu/abs/2017arXiv170801531D},
  adsnote = {Provided by the SAO/NASA Astrophysics Data System}
}



@ARTICLE{abbott2018,
   author = {{Abbott}, T.~M.~C. and {Abdalla}, F.~B. and {Allam}, S. and 
	{Amara}, A. and {Annis}, J. and {Asorey}, J. and {Avila}, S. and 
	{Ballester}, O. and {Banerji}, M. and {Barkhouse}, W. and {Baruah}, L. and 
	{Baumer}, M. and {Bechtol}, K. and {Becker}, M.~R. and {Benoit-L{\'e}vy}, A. and 
	{Bernstein}, G.~M. and {Bertin}, E. and {Blazek}, J. and {Bocquet}, S. and 
	{Brooks}, D. and {Brout}, D. and {Buckley-Geer}, E. and {Burke}, D.~L. and 
	{Busti}, V. and {Campisano}, R. and {Cardiel-Sas}, L. and {arnero Rosell}, A.~C and 
	{Carrasco Kind}, M. and {Carretero}, J. and {Castander}, F.~J. and 
	{Cawthon}, R. and {Chang}, C. and {Conselice}, C. and {Costa}, G. and 
	{Crocce}, M. and {Cunha}, C.~E. and {D'Andrea}, C.~B. and {da Costa}, L.~N. and 
	{Das}, R. and {Daues}, G. and {Davis}, T.~M. and {Davis}, C. and 
	{De Vicente}, J. and {DePoy}, D.~L. and {DeRose}, J. and {Desai}, S. and 
	{Diehl}, H.~T. and {Dietrich}, J.~P. and {Dodelson}, S. and 
	{Doel}, P. and {Drlica-Wagner}, A. and {Eifler}, T.~F. and {Elliott}, A.~E. and 
	{Evrard}, A.~E. and {Farahi}, A. and {Fausti Neto}, A. and {Fernandez}, E. and 
	{Finley}, D.~A. and {Fitzpatrick}, M. and {Flaugher}, B. and 
	{Foley}, R.~J. and {Fosalba}, P. and {Friedel}, D.~N. and {Frieman}, J. and 
	{Garc{\'{\i}}a-Bellido}, J. and {Gaz tanaga}, E. and {Gerdes}, D.~W. and 
	{Giannantonio}, T. and {Gill}, M.~S.~S. and {Glazebrook}, K. and 
	{Goldstein}, D.~A. and {Gower}, M. and {Gruen}, D. and {Gruendl}, R.~A. and 
	{Gschwend}, J. and {Gupta}, R.~R. and {Gutierrez}, G. and {Hamilton}, S. and 
	{Hartley}, W.~G. and {Hinton}, S.~R. and {Hislop}, J.~M. and 
	{Hollowood}, D. and {Honscheid}, K. and {Hoyle}, B. and {Huterer}, D. and 
	{Jain}, B. and {James}, D.~J. and {Jeltema}, T. and {Johnson}, M.~W.~G. and 
	{Johnson}, M.~D. and {Juneau}, S. and {Kacpr zak}, T. and {Kent}, S. and 
	{Khullar}, G. and {Klein}, M. and {Kovacs}, A. and {Koziol}, A.~M.~G. and 
	{Krause}, E. and {Kremin}, A. and {Kron}, R. and {Kuehn}, K. and 
	{Kuhlmann}, S. and {Kuropatkin}, N. and {Lahav}, O. and {Lasker}, J. and 
	{Li}, T.~S. and {Li}, R.~T. and {Liddle}, A.~R. and {Lima}, M. and 
	{Lin}, H. and {L{\'o}pez-Reyes}, P. and {MacCrann}, N. and {Maia}, M.~A.~G. and 
	{Maloney}, J.~D. and {Manera}, M. and {March}, M. and {Marriner}, J. and 
	{Marshall}, J.~L. and {Martini}, P. and {McClintock}, T. and 
	{McKay}, T. and {McMahon}, R.~G. and {Melchior}, P. and {Menanteau}, F. and 
	{Miller}, C.~J. and {Miquel}, R. and {Mohr}, J.~J. and {Morganson}, E. and 
	{Mould}, J. and {Neilsen}, E. and {Nichol}, R.~C. and {Nidever}, D. and 
	{Nikutta}, R. and {Nogueira}, F. and {Nord}, B. and {Nugent}, P. and 
	{Nunes}, L. and {Ogando}, R.~L.~C. and {Old}, L. and {Olsen}, K. and 
	{Pace}, A.~B. and {Palmese}, A. and {Paz-Chinch{\'o}n}, F. and 
	{Peiris}, H.~V. and {Percival}, W.~J. and {Petravick}, D. and 
	{Plazas}, A.~A. and {Poh}, J. and {Pond}, C. and {Por redon}, A. and 
	{Pujol}, A. and {Refregier}, A. and {Reil}, K. and {Ricker}, P.~M. and 
	{Rollins}, R.~P. and {Romer}, A.~K. and {Roodman}, A. and {Rooney}, P. and 
	{Ross}, A.~J. and {Rykoff}, E.~S. and {Sako}, M. and {Sanchez}, E. and 
	{Sanchez}, M.~L. and {Santiago}, B. and {Saro}, A. and {Scarpine}, V. and 
	{Scolnic}, D. and {Scott}, A. and {Serrano}, S. and {Sevilla-Noarbe}, I. and 
	{Sheldon}, E. and {Shipp}, N. and {Silveira}, M.~L. and {Smith}, R.~C. and 
	{Smith}, J.~A. and {Smith}, M. and {Soares-Santos}, M. and {Sobre ira}, F. and 
	{Song}, J. and {Stebbins}, A. and {Suchyta}, E. and {Sullivan}, M. and 
	{Swanson}, M.~E.~C. and {Tarle}, G. and {Thaler}, J. and {Thomas}, D. and 
	{Thomas}, R.~C. and {Troxel}, M.~A. and {Tucker}, D.~L. and 
	{Vikram}, V. and {Vivas}, A.~K. and {Wal ker}, A.~R. and {Wechsler}, R.~H. and 
	{Weller}, J. and {Wester}, W. and {Wolf}, R.~C. and {Wu}, H. and 
	{Yanny}, B. and {Zenteno}, A. and {Zhang}, Y. and {Zuntz}, J.
	},
    title = "{The Dark Energy Survey Data Release 1}",
  journal = {ArXiv e-prints},
archivePrefix = "arXiv",
   eprint = {1801.03181},
 primaryClass = "astro-ph.IM",
 keywords = {Astrophysics - Instrumentation and Methods for Astrophysics, Astrophysics - Cosmology and Nongalactic Astrophysics, Astrophysics - Astrophysics of Galaxies, Astrophysics - Solar and Stellar Astrophysics},
     year = 2018,
    month = jan,
   adsurl = {http://adsabs.harvard.edu/abs/2018arXiv180103181A},
  adsnote = {Provided by the SAO/NASA Astrophysics Data System}
}

@ARTICLE{sanchez2017,
   author = {{S{\'a}nchez}, C. and {Clampitt}, J. and {Kovacs}, A. and {Jain}, B. and 
	{Garc{\'{\i}}a-Bellido}, J. and {Nadathur}, S. and {Gruen}, D. and 
	{Hamaus}, N. and {Huterer}, D. and {Vielzeuf}, P. and {Amara}, A. and 
	{Bonnett}, C. and {DeRose}, J. and {Hartley}, W.~G. and {Jarvis}, M. and 
	{Lahav}, O. and {Miquel}, R. and {Rozo}, E. and {Rykoff}, E.~S. and 
	{Sheldon}, E. and {Wechsler}, R.~H. and {Zuntz}, J. and {Abbott}, T.~M.~C. and 
	{Abdalla}, F.~B. and {Annis}, J. and {Benoit-L{\'e}vy}, A. and 
	{Bernstein}, G.~M. and {Bernstein}, R.~A. and {Bertin}, E. and 
	{Brooks}, D. and {Buckley-Geer}, E. and {Carnero Rosell}, A. and 
	{Carrasco Kind}, M. and {Carretero}, J. and {Crocce}, M. and 
	{Cunha}, C.~E. and {D'Andrea}, C.~B. and {da Costa}, L.~N. and 
	{Desai}, S. and {Diehl}, H.~T. and {Dietrich}, J.~P. and {Doel}, P. and 
	{Evrard}, A.~E. and {Fausti Neto}, A. and {Flaugher}, B. and 
	{Fosalba}, P. and {Frieman}, J. and {Gaztanaga}, E. and {Gruendl}, R.~A. and 
	{Gutierrez}, G. and {Honscheid}, K. and {James}, D.~J. and {Krause}, E. and 
	{Kuehn}, K. and {Lima}, M. and {Maia}, M.~A.~G. and {Marshall}, J.~L. and 
	{Melchior}, P. and {Plazas}, A.~A. and {Reil}, K. and {Romer}, A.~K. and 
	{Sanchez}, E. and {Schubnell}, M. and {Sevilla-Noarbe}, I. and 
	{Smith}, R.~C. and {Soares-Santos}, M. and {Sobreira}, F. and 
	{Suchyta}, E. and {Tarle}, G. and {Thomas}, D. and {Walker}, A.~R. and 
	{Weller}, J. and {DES Collaboration}},
    title = "{Cosmic voids and void lensing in the Dark Energy Survey Science Verification data}",
  journal = {\mnras},
archivePrefix = "arXiv",
   eprint = {1605.03982},
 keywords = {gravitational lensing: weak, cosmology: observations, large-scale structure of Universe},
     year = 2017,
    month = feb,
   volume = 465,
    pages = {746-759},
      doi = {10.1093/mnras/stw2745},
   adsurl = {http://adsabs.harvard.edu/abs/2017MNRAS.465..746S},
  adsnote = {Provided by the SAO/NASA Astrophysics Data System}
}

% Galaxy surveys

% Dark Energy Survey

@ARTICLE{flaugher2015,
   author = {{Flaugher}, B. and {Diehl}, H.~T. and {Honscheid}, K. and {Abbott}, T.~M.~C. and 
	{Alvarez}, O. and {Angstadt}, R. and {Annis}, J.~T. and {Antonik}, M. and 
	{Ballester}, O. and {Beaufore}, L. and {Bernstein}, G.~M. and 
	{Bernstein}, R.~A. and {Bigelow}, B. and {Bonati}, M. and {Boprie}, D. and 
	{Brooks}, D. and {Buckley-Geer}, E.~J. and {Campa}, J. and {Cardiel-Sas}, L. and 
	{Castander}, F.~J. and {Castilla}, J. and {Cease}, H. and {Cela-Ruiz}, J.~M. and 
	{Chappa}, S. and {Chi}, E. and {Cooper}, C. and {da Costa}, L.~N. and 
	{Dede}, E. and {Derylo}, G. and {DePoy}, D.~L. and {de Vicente}, J. and 
	{Doel}, P. and {Drlica-Wagner}, A. and {Eiting}, J. and {Elliott}, A.~E. and 
	{Emes}, J. and {Estrada}, J. and {Fausti Neto}, A. and {Finley}, D.~A. and 
	{Flores}, R. and {Frieman}, J. and {Gerdes}, D. and {Gladders}, M.~D. and 
	{Gregory}, B. and {Gutierrez}, G.~R. and {Hao}, J. and {Holland}, S.~E. and 
	{Holm}, S. and {Huffman}, D. and {Jackson}, C. and {James}, D.~J. and 
	{Jonas}, M. and {Karcher}, A. and {Karliner}, I. and {Kent}, S. and 
	{Kessler}, R. and {Kozlovsky}, M. and {Kron}, R.~G. and {Kubik}, D. and 
	{Kuehn}, K. and {Kuhlmann}, S. and {Kuk}, K. and {Lahav}, O. and 
	{Lathrop}, A. and {Lee}, J. and {Levi}, M.~E. and {Lewis}, P. and 
	{Li}, T.~S. and {Mandrichenko}, I. and {Marshall}, J.~L. and 
	{Martinez}, G. and {Merritt}, K.~W. and {Miquel}, R. and {Mu{\~n}oz}, F. and 
	{Neilsen}, E.~H. and {Nichol}, R.~C. and {Nord}, B. and {Ogando}, R. and 
	{Olsen}, J. and {Palaio}, N. and {Patton}, K. and {Peoples}, J. and 
	{Plazas}, A.~A. and {Rauch}, J. and {Reil}, K. and {Rheault}, J.-P. and 
	{Roe}, N.~A. and {Rogers}, H. and {Roodman}, A. and {Sanchez}, E. and 
	{Scarpine}, V. and {Schindler}, R.~H. and {Schmidt}, R. and 
	{Schmitt}, R. and {Schubnell}, M. and {Schultz}, K. and {Schurter}, P. and 
	{Scott}, L. and {Serrano}, S. and {Shaw}, T.~M. and {Smith}, R.~C. and 
	{Soares-Santos}, M. and {Stefanik}, A. and {Stuermer}, W. and 
	{Suchyta}, E. and {Sypniewski}, A. and {Tarle}, G. and {Thaler}, J. and 
	{Tighe}, R. and {Tran}, C. and {Tucker}, D. and {Walker}, A.~R. and 
	{Wang}, G. and {Watson}, M. and {Weaverdyck}, C. and {Wester}, W. and 
	{Woods}, R. and {Yanny}, B. and {DES Collaboration}},
    title = "{The Dark Energy Camera}",
  journal = {\aj},
archivePrefix = "arXiv",
   eprint = {1504.02900},
 primaryClass = "astro-ph.IM",
 keywords = {atlases, catalogs, cosmology: observations, instrumentation: detectors, instrumentation: photometers, surveys},
     year = 2015,
    month = nov,
   volume = 150,
      eid = {150},
    pages = {150},
      doi = {10.1088/0004-6256/150/5/150},
   adsurl = {http://adsabs.harvard.edu/abs/2015AJ....150..150F},
  adsnote = {Provided by the SAO/NASA Astrophysics Data System}
}


@ARTICLE{rozo2016,
   author = {{Rozo}, E. and {Rykoff}, E.~S. and {Abate}, A. and {Bonnett}, C. and 
	{Crocce}, M. and {Davis}, C. and {Hoyle}, B. and {Leistedt}, B. and 
	{Peiris}, H.~V. and {Wechsler}, R.~H. and {Abbott}, T. and {Abdalla}, F.~B. and 
	{Banerji}, M. and {Bauer}, A.~H. and {Benoit-L{\'e}vy}, A. and 
	{Bernstein}, G.~M. and {Bertin}, E. and {Brooks}, D. and {Buckley-Geer}, E. and 
	{Burke}, D.~L. and {Capozzi}, D. and {Rosell}, A.~C. and {Carollo}, D. and 
	{Kind}, M.~C. and {Carretero}, J. and {Castander}, F.~J. and 
	{Childress}, M.~J. and {Cunha}, C.~E. and {D'Andrea}, C.~B. and 
	{Davis}, T. and {DePoy}, D.~L. and {Desai}, S. and {Diehl}, H.~T. and 
	{Dietrich}, J.~P. and {Doel}, P. and {Eifler}, T.~F. and {Evrard}, A.~E. and 
	{Neto}, A.~F. and {Flaugher}, B. and {Fosalba}, P. and {Frieman}, J. and 
	{Gaztanaga}, E. and {Gerdes}, D.~W. and {Glazebrook}, K. and 
	{Gruen}, D. and {Gruendl}, R.~A. and {Honscheid}, K. and {James}, D.~J. and 
	{Jarvis}, M. and {Kim}, A.~G. and {Kuehn}, K. and {Kuropatkin}, N. and 
	{Lahav}, O. and {Lidman}, C. and {Lima}, M. and {Maia}, M.~A.~G. and 
	{March}, M. and {Martini}, P. and {Melchior}, P. and {Miller}, C.~J. and 
	{Miquel}, R. and {Mohr}, J.~J. and {Nichol}, R.~C. and {Nord}, B. and 
	{O'Neill}, C.~R. and {Ogando}, R. and {Plazas}, A.~A. and {Romer}, A.~K. and 
	{Roodman}, A. and {Sako}, M. and {Sanchez}, E. and {Santiago}, B. and 
	{Schubnell}, M. and {Sevilla-Noarbe}, I. and {Smith}, R.~C. and 
	{Soares-Santos}, M. and {Sobreira}, F. and {Suchyta}, E. and 
	{Swanson}, M.~E.~C. and {Thaler}, J. and {Thomas}, D. and {Uddin}, S. and 
	{Vikram}, V. and {Walker}, A.~R. and {Wester}, W. and {Zhang}, Y. and 
	{da Costa}, L.~N.},
    title = "{redMaGiC: selecting luminous red galaxies from the DES Science Verification data}",
  journal = {\mnras},
archivePrefix = "arXiv",
   eprint = {1507.05460},
 primaryClass = "astro-ph.IM",
 keywords = {methods: statistical, techniques: photometric, galaxies: general},
     year = 2016,
    month = sep,
   volume = 461,
    pages = {1431-1450},
      doi = {10.1093/mnras/stw1281},
   adsurl = {http://adsabs.harvard.edu/abs/2016MNRAS.461.1431R},
  adsnote = {Provided by the SAO/NASA Astrophysics Data System}
}


% Canada-France-Hawaii Telescope Lensing Survey
@ARTICLE{erben2013,
   author = {{Erben}, T. and {Hildebrandt}, H. and {Miller}, L. and {van Waerbeke}, L. and 
	{Heymans}, C. and {Hoekstra}, H. and {Kitching}, T.~D. and {Mellier}, Y. and 
	{Benjamin}, J. and {Blake}, C. and {Bonnett}, C. and {Cordes}, O. and 
	{Coupon}, J. and {Fu}, L. and {Gavazzi}, R. and {Gillis}, B. and 
	{Grocutt}, E. and {Gwyn}, S.~D.~J. and {Holhjem}, K. and {Hudson}, M.~J. and 
	{Kilbinger}, M. and {Kuijken}, K. and {Milkeraitis}, M. and 
	{Rowe}, B.~T.~P. and {Schrabback}, T. and {Semboloni}, E. and 
	{Simon}, P. and {Smit}, M. and {Toader}, O. and {Vafaei}, S. and 
	{van Uitert}, E. and {Velander}, M.},
    title = "{CFHTLenS: the Canada-France-Hawaii Telescope Lensing Survey - imaging data and catalogue products}",
  journal = {\mnras},
archivePrefix = "arXiv",
   eprint = {1210.8156},
 keywords = {methods: data analysis, cosmology: observations},
     year = 2013,
    month = aug,
   volume = 433,
    pages = {2545-2563},
      doi = {10.1093/mnras/stt928},
   adsurl = {http://adsabs.harvard.edu/abs/2013MNRAS.433.2545E},
  adsnote = {Provided by the SAO/NASA Astrophysics Data System}
}


@ARTICLE{geller1989,
   author = {{Geller}, M.~J. and {Huchra}, J.~P.},
    title = "{Mapping the universe}",
  journal = {Science},
 keywords = {Astronomical Maps, Galactic Structure, Hubble Constant, Universe, Cosmology, Emission Spectra, Line Of Sight, Line Spectra},
     year = 1989,
    month = nov,
   volume = 246,
    pages = {897-903},
      doi = {10.1126/science.246.4932.897},
   adsurl = {http://adsabs.harvard.edu/abs/1989Sci...246..897G},
  adsnote = {Provided by the SAO/NASA Astrophysics Data System}
}

@ARTICLE{white1987,
   author = {{White}, S.~D.~M. and {Frenk}, C.~S. and {Davis}, M. and {Efstathiou}, G.
	},
    title = "{Clusters, filaments, and voids in a universe dominated by cold dark matter}",
  journal = {\apj},
 keywords = {Dark Matter, Galactic Clusters, Many Body Problem, Universe, Astronomical Models, Filaments, Mass To Light Ratios, Red Shift, Space Density, Voids},
     year = 1987,
    month = feb,
   volume = 313,
    pages = {505-516},
      doi = {10.1086/164990},
   adsurl = {http://adsabs.harvard.edu/abs/1987ApJ...313..505W},
  adsnote = {Provided by the SAO/NASA Astrophysics Data System}
}



@ARTICLE{colless2001,
   author = {{Colless}, M. and {Dalton}, G. and {Maddox}, S. and {Sutherland}, W. and 
	{Norberg}, P. and {Cole}, S. and {Bland-Hawthorn}, J. and {Bridges}, T. and 
	{Cannon}, R. and {Collins}, C. and {Couch}, W. and {Cross}, N. and 
	{Deeley}, K. and {De Propris}, R. and {Driver}, S.~P. and {Efstathiou}, G. and 
	{Ellis}, R.~S. and {Frenk}, C.~S. and {Glazebrook}, K. and {Jackson}, C. and 
	{Lahav}, O. and {Lewis}, I. and {Lumsden}, S. and {Madgwick}, D. and 
	{Peacock}, J.~A. and {Peterson}, B.~A. and {Price}, I. and {Seaborne}, M. and 
	{Taylor}, K.},
    title = "{The 2dF Galaxy Redshift Survey: spectra and redshifts}",
  journal = {\mnras},
   eprint = {astro-ph/0106498},
 keywords = {SURVEYS, GALAXIES: CLUSTERS: GENERAL, GALAXIES: DISTANCES AND REDSHIFTS, COSMOLOGY: OBSERVATIONS, LARGE-SCALE STRUCTURE OF UNIVERSE},
     year = 2001,
    month = dec,
   volume = 328,
    pages = {1039-1063},
      doi = {10.1046/j.1365-8711.2001.04902.x},
   adsurl = {http://adsabs.harvard.edu/abs/2001MNRAS.328.1039C},
  adsnote = {Provided by the SAO/NASA Astrophysics Data System}
}


% Cosmic voids


@INPROCEEDINGS{weygaert2011,
   author = {{van de Weygaert}, R. and {Platen}, E.},
    title = "{Cosmic Voids: Structure, Dynamics and Galaxies}",
 keywords = {Cosmology, large-scale structure of Universe, galaxies: formation, galaxies: evolution},
booktitle = {International Journal of Modern Physics Conference Series},
     year = 2011,
   series = {International Journal of Modern Physics Conference Series},
   volume = 1,
archivePrefix = "arXiv",
   eprint = {0912.2997},
    pages = {41-66},
      doi = {10.1142/S2010194511000092},
   adsurl = {http://adsabs.harvard.edu/abs/2011IJMPS...1...41V},
  adsnote = {Provided by the SAO/NASA Astrophysics Data System}
}

@ARTICLE{bos2012,
   author = {{Bos}, E.~G.~P. and {van de Weygaert}, R. and {Dolag}, K. and 
	{Pettorino}, V.},
    title = "{The darkness that shaped the void: dark energy and cosmic voids}",
  journal = {\mnras},
archivePrefix = "arXiv",
   eprint = {1205.4238},
 primaryClass = "astro-ph.CO",
 keywords = {methods: data analysis, methods: numerical, cosmology: theory, dark energy, large-scale structure of Universe },
     year = 2012,
    month = oct,
   volume = 426,
    pages = {440-461},
      doi = {10.1111/j.1365-2966.2012.21478.x},
   adsurl = {http://adsabs.harvard.edu/abs/2012MNRAS.426..440B},
  adsnote = {Provided by the SAO/NASA Astrophysics Data System}
}

@ARTICLE{lavaux2010,
   author = {{Lavaux}, G. and {Wandelt}, B.~D.},
    title = "{Precision cosmology with voids: definition, methods, dynamics}",
  journal = {\mnras},
archivePrefix = "arXiv",
   eprint = {0906.4101},
 keywords = {methods: N-body simulations, methods: statistical, cosmological parameters, dark matter, large-scale structure of Universe},
     year = 2010,
    month = apr,
   volume = 403,
    pages = {1392-1408},
      doi = {10.1111/j.1365-2966.2010.16197.x},
   adsurl = {http://adsabs.harvard.edu/abs/2010MNRAS.403.1392L},
  adsnote = {Provided by the SAO/NASA Astrophysics Data System}
}

@ARTICLE{colberg2008,
   author = {{Colberg}, J.~M. and {Pearce}, F. and {Foster}, C. and {Platen}, E. and 
	{Brunino}, R. and {Neyrinck}, M. and {Basilakos}, S. and {Fairall}, A. and 
	{Feldman}, H. and {Gottl{\"o}ber}, S. and {Hahn}, O. and {Hoyle}, F. and 
	{M{\"u}ller}, V. and {Nelson}, L. and {Plionis}, M. and {Porciani}, C. and 
	{Shandarin}, S. and {Vogeley}, M.~S. and {van de Weygaert}, R.
	},
    title = "{The Aspen-Amsterdam void finder comparison project}",
  journal = {\mnras},
archivePrefix = "arXiv",
   eprint = {0803.0918},
 keywords = {methods: N-body simulations , cosmology: theory , dark matter , large-scale structure of Universe},
     year = 2008,
    month = jun,
   volume = 387,
    pages = {933-944},
      doi = {10.1111/j.1365-2966.2008.13307.x},
   adsurl = {http://adsabs.harvard.edu/abs/2008MNRAS.387..933C},
  adsnote = {Provided by the SAO/NASA Astrophysics Data System}
}

@ARTICLE{alpaslan2014,
   author = {{Alpaslan}, M. and {Robotham}, A.~S.~G. and {Obreschkow}, D. and 
	{Penny}, S. and {Driver}, S. and {Norberg}, P. and {Brough}, S. and 
	{Brown}, M. and {Cluver}, M. and {Holwerda}, B. and {Hopkins}, A.~M. and 
	{van Kampen}, E. and {Kelvin}, L.~S. and {Lara-Lopez}, M.~A. and 
	{Liske}, J. and {Loveday}, J. and {Mahajan}, S. and {Pimbblet}, K.
	},
    title = "{Galaxy and Mass Assembly (GAMA): fine filaments of galaxies detected within voids}",
  journal = {\mnras},
archivePrefix = "arXiv",
   eprint = {1401.7331},
 keywords = {methods: data analysis, surveys, large-scale structure of Universe},
     year = 2014,
    month = may,
   volume = 440,
    pages = {L106-L110},
      doi = {10.1093/mnrasl/slu019},
   adsurl = {http://adsabs.harvard.edu/abs/2014MNRAS.440L.106A},
  adsnote = {Provided by the SAO/NASA Astrophysics Data System}
}


@ARTICLE{clampitt2013,
   author = {{Clampitt}, J. and {Cai}, Y.-C. and {Li}, B.},
    title = "{Voids in modified gravity: excursion set predictions}",
  journal = {\mnras},
archivePrefix = "arXiv",
   eprint = {1212.2216},
 primaryClass = "astro-ph.CO",
 keywords = {gravitation, methods: analytical, large-scale structure of Universe},
     year = 2013,
    month = may,
   volume = 431,
    pages = {749-766},
      doi = {10.1093/mnras/stt219},
   adsurl = {http://adsabs.harvard.edu/abs/2013MNRAS.431..749C},
  adsnote = {Provided by the SAO/NASA Astrophysics Data System}
}


@ARTICLE{cai2015,
   author = {{Cai}, Y.-C. and {Padilla}, N. and {Li}, B.},
    title = "{Testing gravity using cosmic voids}",
  journal = {\mnras},
archivePrefix = "arXiv",
   eprint = {1410.1510},
 keywords = {gravitational lensing: weak, methods: statistical, large-scale structure of Universe},
     year = 2015,
    month = jul,
   volume = 451,
    pages = {1036-1055},
      doi = {10.1093/mnras/stv777},
   adsurl = {http://adsabs.harvard.edu/abs/2015MNRAS.451.1036C},
  adsnote = {Provided by the SAO/NASA Astrophysics Data System}
}

@ARTICLE{falck2017,
   author = {{Falck}, B. and {Koyama}, K. and {Zhao}, G.-b. and {Cautun}, M.
    },
    title = "{Using Voids to Unscreen Modified Gravity}",
  journal = {ArXiv e-prints},
archivePrefix = "arXiv",
   eprint = {1704.08942},
 keywords = {Astrophysics - Cosmology and Nongalactic Astrophysics},
     year = 2017,
    month = apr,
   adsurl = {http://adsabs.harvard.edu/abs/2017arXiv170408942F},
  adsnote = {Provided by the SAO/NASA Astrophysics Data System}
}

% Void lensing

@ARTICLE{melchior2014,
   author = {{Melchior}, P. and {Sutter}, P.~M. and {Sheldon}, E.~S. and 
	{Krause}, E. and {Wandelt}, B.~D.},
    title = "{First measurement of gravitational lensing by cosmic voids in SDSS}",
  journal = {\mnras},
archivePrefix = "arXiv",
   eprint = {1309.2045},
 keywords = {gravitational lensing: weak, cosmology: observations},
     year = 2014,
    month = jun,
   volume = 440,
    pages = {2922-2927},
      doi = {10.1093/mnras/stu456},
   adsurl = {http://adsabs.harvard.edu/abs/2014MNRAS.440.2922M},
  adsnote = {Provided by the SAO/NASA Astrophysics Data System}
}

@ARTICLE{krause2013,
   author = {{Krause}, E. and {Chang}, T.-C. and {Dor{\'e}}, O. and {Umetsu}, K.
	},
    title = "{The Weight of Emptiness: The Gravitational Lensing Signal of Stacked Voids}",
  journal = {\apjl},
archivePrefix = "arXiv",
   eprint = {1210.2446},
 keywords = {cosmology: theory, dark matter, gravitational lensing: weak, large-scale structure of universe },
     year = 2013,
    month = jan,
   volume = 762,
      eid = {L20},
    pages = {L20},
      doi = {10.1088/2041-8205/762/2/L20},
   adsurl = {http://adsabs.harvard.edu/abs/2013ApJ...762L..20K},
  adsnote = {Provided by the SAO/NASA Astrophysics Data System}
}

@ARTICLE{clampitt2015,
   author = {{Clampitt}, J. and {Jain}, B.},
    title = "{Lensing measurements of the mass distribution in SDSS voids}",
  journal = {\mnras},
archivePrefix = "arXiv",
   eprint = {1404.1834},
 keywords = {gravitational lensing: weak, cosmology: observations, dark matter, large-scale structure of Universe},
     year = 2015,
    month = dec,
   volume = 454,
    pages = {3357-3365},
      doi = {10.1093/mnras/stv2215},
   adsurl = {http://adsabs.harvard.edu/abs/2015MNRAS.454.3357C},
  adsnote = {Provided by the SAO/NASA Astrophysics Data System}
}


@ARTICLE{hamaus2014,
   author = {{Hamaus}, N. and {Sutter}, P.~M. and {Wandelt}, B.~D.},
    title = "{Universal Density Profile for Cosmic Voids}",
  journal = {Physical Review Letters},
archivePrefix = "arXiv",
   eprint = {1403.5499},
 keywords = {Observational cosmology, Superclusters, large-scale structure of the Universe},
     year = 2014,
    month = jun,
   volume = 112,
   number = 25,
      eid = {251302},
    pages = {251302},
      doi = {10.1103/PhysRevLett.112.251302},
   adsurl = {http://adsabs.harvard.edu/abs/2014PhRvL.112y1302H},
  adsnote = {Provided by the SAO/NASA Astrophysics Data System}
}

@ARTICLE{nadathur2015,
   author = {{Nadathur}, S. and {Hotchkiss}, S. and {Diego}, J.~M. and {Iliev}, I.~T. and 
	{Gottl{\"o}ber}, S. and {Watson}, W.~A. and {Yepes}, G.},
    title = "{Self-similarity and universality of void density profiles in simulation and SDSS data}",
  journal = {\mnras},
archivePrefix = "arXiv",
   eprint = {1407.1295},
 keywords = {methods: data analysis, methods: numerical, catalogues, cosmology: observations, large-scale structure of Universe},
     year = 2015,
    month = jun,
   volume = 449,
    pages = {3997-4009},
      doi = {10.1093/mnras/stv513},
   adsurl = {http://adsabs.harvard.edu/abs/2015MNRAS.449.3997N},
  adsnote = {Provided by the SAO/NASA Astrophysics Data System}
}


@ARTICLE{cautun2016,
   author = {{Cautun}, M. and {Cai}, Y.-C. and {Frenk}, C.~S.},
    title = "{The view from the boundary: a new void stacking method}",
  journal = {\mnras},
archivePrefix = "arXiv",
   eprint = {1509.00010},
 keywords = {methods: data analysis, cosmology: theory, dark matter, large-scale structure of Universe},
     year = 2016,
    month = apr,
   volume = 457,
    pages = {2540-2553},
      doi = {10.1093/mnras/stw154},
   adsurl = {http://adsabs.harvard.edu/abs/2016MNRAS.457.2540C},
  adsnote = {Provided by the SAO/NASA Astrophysics Data System}
}

@ARTICLE{cautun2017,
   author = {{Cautun}, M. and {Paillas}, E. and {Cai}, Y.-C. and {Bose}, S. and 
	{Armijo}, J. and {Li}, B. and {Padilla}, N.},
    title = "{The Santiago-Harvard-Edinburgh-Durham void comparison I: SHEDding light on chameleon gravity tests}",
  journal = {ArXiv e-prints},
archivePrefix = "arXiv",
   eprint = {1710.01730},
 keywords = {Astrophysics - Cosmology and Nongalactic Astrophysics},
     year = 2017,
    month = oct,
   adsurl = {http://adsabs.harvard.edu/abs/2017arXiv171001730C},
  adsnote = {Provided by the SAO/NASA Astrophysics Data System}
}

@ARTICLE{higuchi2016,
   author = {{Higuchi}, Y. and {Shirasaki}, M.},
    title = "{The imprint of f(R) gravity on weak gravitational lensing - I. Connection between observables and large-scale structure}",
  journal = {\mnras},
archivePrefix = "arXiv",
   eprint = {1603.01325},
 keywords = {gravitational lensing: weak, large-scale structure of Universe},
     year = 2016,
    month = jul,
   volume = 459,
    pages = {2762-2776},
      doi = {10.1093/mnras/stw814},
   adsurl = {http://adsabs.harvard.edu/abs/2016MNRAS.459.2762H},
  adsnote = {Provided by the SAO/NASA Astrophysics Data System}
}

@ARTICLE{barreira2017,
   author = {{Barreira}, A. and {Bose}, S. and {Li}, B. and {Llinares}, C.},
    title = "{Weak lensing by galaxy troughs with modified gravity}",
  journal = {\jcap},
archivePrefix = "arXiv",
   eprint = {1605.08436},
     year = 2017,
    month = feb,
   volume = 2,
      eid = {031},
    pages = {031},
      doi = {10.1088/1475-7516/2017/02/031},
   adsurl = {http://adsabs.harvard.edu/abs/2017JCAP...02..031B},
  adsnote = {Provided by the SAO/NASA Astrophysics Data System}
}

@ARTICLE{demchenko2016,
   author = {{Demchenko}, V. and {Cai}, Y.-C. and {Heymans}, C. and {Peacock}, J.~A.
	},
    title = "{Testing the spherical evolution of cosmic voids}",
  journal = {\mnras},
archivePrefix = "arXiv",
   eprint = {1605.05286},
 keywords = {cosmology: theory, dark energy, large-scale structure of Universe},
     year = 2016,
    month = nov,
   volume = 463,
    pages = {512-519},
      doi = {10.1093/mnras/stw2030},
   adsurl = {http://adsabs.harvard.edu/abs/2016MNRAS.463..512D},
  adsnote = {Provided by the SAO/NASA Astrophysics Data System}
}



% Voids in modified gravity

@ARTICLE{jain2010,
   author = {{Jain}, B. and {Khoury}, J.},
    title = "{Cosmological tests of gravity}",
  journal = {Annals of Physics},
archivePrefix = "arXiv",
   eprint = {1004.3294},
     year = 2010,
    month = jul,
   volume = 325,
    pages = {1479-1516},
      doi = {10.1016/j.aop.2010.04.002},
   adsurl = {http://adsabs.harvard.edu/abs/2010AnPhy.325.1479J},
  adsnote = {Provided by the SAO/NASA Astrophysics Data System}
}



@ARTICLE{clifton2012,
   author = {{Clifton}, T. and {Ferreira}, P.~G. and {Padilla}, A. and {Skordis}, C.
	},
    title = "{Modified gravity and cosmology}",
  journal = {\physrep},
archivePrefix = "arXiv",
   eprint = {1106.2476},
     year = 2012,
    month = mar,
   volume = 513,
    pages = {1-189},
      doi = {10.1016/j.physrep.2012.01.001},
   adsurl = {http://adsabs.harvard.edu/abs/2012PhR...513....1C},
  adsnote = {Provided by the SAO/NASA Astrophysics Data System}
}

@ARTICLE{li2012,
   author = {{Li}, B. and {Zhao}, G.-B. and {Koyama}, K.},
    title = "{Haloes and voids in f(R) gravity}",
  journal = {\mnras},
archivePrefix = "arXiv",
   eprint = {1111.2602},
 primaryClass = "astro-ph.CO",
 keywords = {methods: analytical, methods: numerical, cosmology: theory, dark energy, large-scale structure of Universe},
     year = 2012,
    month = apr,
   volume = 421,
    pages = {3481-3487},
      doi = {10.1111/j.1365-2966.2012.20573.x},
   adsurl = {http://adsabs.harvard.edu/abs/2012MNRAS.421.3481L},
  adsnote = {Provided by the SAO/NASA Astrophysics Data System}
}

@ARTICLE{zivick2015,
   author = {{Zivick}, P. and {Sutter}, P.~M. and {Wandelt}, B.~D. and {Li}, B. and 
	{Lam}, T.~Y.},
    title = "{Using cosmic voids to distinguish f(R) gravity in future galaxy surveys}",
  journal = {\mnras},
archivePrefix = "arXiv",
   eprint = {1411.5694},
 keywords = {large-scale structure of Universe},
     year = 2015,
    month = aug,
   volume = 451,
    pages = {4215-4222},
      doi = {10.1093/mnras/stv1209},
   adsurl = {http://adsabs.harvard.edu/abs/2015MNRAS.451.4215Z},
  adsnote = {Provided by the SAO/NASA Astrophysics Data System}
}


@ARTICLE{lam2015,
   author = {{Lam}, T.~Y. and {Clampitt}, J. and {Cai}, Y.-C. and {Li}, B.
	},
    title = "{Voids in modified gravity reloaded: Eulerian void assignment}",
  journal = {\mnras},
archivePrefix = "arXiv",
   eprint = {1408.5338},
 keywords = {methods: numerical, cosmology: theory, dark energy, large-scale structure of Universe},
     year = 2015,
    month = jul,
   volume = 450,
    pages = {3319-3330},
      doi = {10.1093/mnras/stv797},
   adsurl = {http://adsabs.harvard.edu/abs/2015MNRAS.450.3319L},
  adsnote = {Provided by the SAO/NASA Astrophysics Data System}
}



% Peak statistics


@ARTICLE{dietrich2010,
   author = {{Dietrich}, J.~P. and {Hartlap}, J.},
    title = "{Cosmology with the shear-peak statistics}",
  journal = {\mnras},
archivePrefix = "arXiv",
   eprint = {0906.3512},
 keywords = {gravitational lensing, cosmological parameters, large-scale structure of Universe},
     year = 2010,
    month = feb,
   volume = 402,
    pages = {1049-1058},
      doi = {10.1111/j.1365-2966.2009.15948.x},
   adsurl = {http://adsabs.harvard.edu/abs/2010MNRAS.402.1049D},
  adsnote = {Provided by the SAO/NASA Astrophysics Data System}
}


@ARTICLE{liu2015,
   author = {{Liu}, J. and {Petri}, A. and {Haiman}, Z. and {Hui}, L. and 
	{Kratochvil}, J.~M. and {May}, M.},
    title = "{Cosmology constraints from the weak lensing peak counts and the power spectrum in CFHTLenS data}",
  journal = {\prd},
archivePrefix = "arXiv",
   eprint = {1412.0757},
 keywords = {Cosmology, Relativity and gravitation, Dark energy, Gravitational lenses and luminous arcs},
     year = 2015,
    month = mar,
   volume = 91,
   number = 6,
      eid = {063507},
    pages = {063507},
      doi = {10.1103/PhysRevD.91.063507},
   adsurl = {http://adsabs.harvard.edu/abs/2015PhRvD..91f3507L},
  adsnote = {Provided by the SAO/NASA Astrophysics Data System}
}



@ARTICLE{kacprzak2016,
   author = {{Kacprzak}, T. and {Kirk}, D. and {Friedrich}, O. and {Amara}, A. and 
	{Refregier}, A. and {Marian}, L. and {Dietrich}, J.~P. and {Suchyta}, E. and 
	{Aleksi{\'c}}, J. and {Bacon}, D. and {Becker}, M.~R. and {Bonnett}, C. and 
	{Bridle}, S.~L. and {Chang}, C. and {Eifler}, T.~F. and {Hartley}, W.~G. and 
	{Huff}, E.~M. and {Krause}, E. and {MacCrann}, N. and {Melchior}, P. and 
	{Nicola}, A. and {Samuroff}, S. and {Sheldon}, E. and {Troxel}, M.~A. and 
	{Weller}, J. and {Zuntz}, J. and {Abbott}, T.~M.~C. and {Abdalla}, F.~B. and 
	{Armstrong}, R. and {Benoit-L{\'e}vy}, A. and {Bernstein}, G.~M. and 
	{Bernstein}, R.~A. and {Bertin}, E. and {Brooks}, D. and {Burke}, D.~L. and 
	{Carnero Rosell}, A. and {Carrasco Kind}, M. and {Carretero}, J. and 
	{Castander}, F.~J. and {Crocce}, M. and {D'Andrea}, C.~B. and 
	{da Costa}, L.~N. and {Desai}, S. and {Diehl}, H.~T. and {Evrard}, A.~E. and 
	{Neto}, A.~F. and {Flaugher}, B. and {Fosalba}, P. and {Frieman}, J. and 
	{Gerdes}, D.~W. and {Goldstein}, D.~A. and {Gruen}, D. and {Gruendl}, R.~A. and 
	{Gutierrez}, G. and {Honscheid}, K. and {Jain}, B. and {James}, D.~J. and 
	{Jarvis}, M. and {Kuehn}, K. and {Kuropatkin}, N. and {Lahav}, O. and 
	{Lima}, M. and {March}, M. and {Marshall}, J.~L. and {Martini}, P. and 
	{Miller}, C.~J. and {Miquel}, R. and {Mohr}, J.~J. and {Nichol}, R.~C. and 
	{Nord}, B. and {Plazas}, A.~A. and {Romer}, A.~K. and {Roodman}, A. and 
	{Rykoff}, E.~S. and {Sanchez}, E. and {Scarpine}, V. and {Schubnell}, M. and 
	{Sevilla-Noarbe}, I. and {Smith}, R.~C. and {Soares-Santos}, M. and 
	{Sobreira}, F. and {Swanson}, M.~E.~C. and {Tarle}, G. and {Thomas}, D. and 
	{Vikram}, V. and {Walker}, A.~R. and {Zhang}, Y. and {DES Collaboration}
	},
    title = "{Cosmology constraints from shear peak statistics in Dark Energy Survey Science Verification data}",
  journal = {\mnras},
archivePrefix = "arXiv",
   eprint = {1603.05040},
 keywords = {gravitational lensing: weak, methods: data analysis, methods: statistical, cosmological parameter, cosmology: observations, dark matter},
     year = 2016,
    month = dec,
   volume = 463,
    pages = {3653-3673},
      doi = {10.1093/mnras/stw2070},
   adsurl = {http://adsabs.harvard.edu/abs/2016MNRAS.463.3653K},
  adsnote = {Provided by the SAO/NASA Astrophysics Data System}
}


@ARTICLE{shan2018,
   author = {{Shan}, H. and {Liu}, X. and {Hildebrandt}, H. and {Pan}, C. and 
	{Martinet}, N. and {Fan}, Z. and {Schneider}, P. and {Asgari}, M. and 
	{Harnois-D{\'e}raps}, J. and {Hoekstra}, H. and {Wright}, A. and 
	{Dietrich}, J.~P. and {Erben}, T. and {Getman}, F. and {Grado}, A. and 
	{Heymans}, C. and {Klaes}, D. and {Kuijken}, K. and {Merten}, J. and 
	{Puddu}, E. and {Radovich}, M. and {Wang}, Q.},
    title = "{KiDS-450: cosmological constraints from weak lensing peak statistics - I. Inference from analytical prediction of high signal-to-noise ratio convergence peaks}",
  journal = {\mnras},
archivePrefix = "arXiv",
   eprint = {1709.07651},
 keywords = {gravitational lensing: weak, dark matter, large-scale structure of Universe},
     year = 2018,
    month = feb,
   volume = 474,
    pages = {1116-1134},
      doi = {10.1093/mnras/stx2837},
   adsurl = {http://adsabs.harvard.edu/abs/2018MNRAS.474.1116S},
  adsnote = {Provided by the SAO/NASA Astrophysics Data System}
}


@ARTICLE{martinet2018,
   author = {{Martinet}, N. and {Schneider}, P. and {Hildebrandt}, H. and 
	{Shan}, H. and {Asgari}, M. and {Dietrich}, J.~P. and {Harnois-D{\'e}raps}, J. and 
	{Erben}, T. and {Grado}, A. and {Heymans}, C. and {Hoekstra}, H. and 
	{Klaes}, D. and {Kuijken}, K. and {Merten}, J. and {Nakajima}, R.
	},
    title = "{KiDS-450: cosmological constraints from weak-lensing peak statistics - II: Inference from shear peaks using N-body simulations}",
  journal = {\mnras},
archivePrefix = "arXiv",
   eprint = {1709.07678},
 keywords = {gravitational lensing: weak, surveys, cosmological parameters, cosmology: observations},
     year = 2018,
    month = feb,
   volume = 474,
    pages = {712-730},
      doi = {10.1093/mnras/stx2793},
   adsurl = {http://adsabs.harvard.edu/abs/2018MNRAS.474..712M},
  adsnote = {Provided by the SAO/NASA Astrophysics Data System}
}




% Intrinsic alignment

@ARTICLE{heymans2006,
   author = {{Heymans}, C. and {White}, M. and {Heavens}, A. and {Vale}, C. and 
	{van Waerbeke}, L.},
    title = "{Potential sources of contamination to weak lensing measurements: constraints from N-body simulations}",
  journal = {\mnras},
   eprint = {astro-ph/0604001},
 keywords = {gravitational lensing: cosmology: observations: large-scale structure of Universe, gravitational lensing, cosmology: observations, large-scale structure of Universe},
     year = 2006,
    month = sep,
   volume = 371,
    pages = {750-760},
      doi = {10.1111/j.1365-2966.2006.10705.x},
   adsurl = {http://adsabs.harvard.edu/abs/2006MNRAS.371..750H},
  adsnote = {Provided by the SAO/NASA Astrophysics Data System}
}

@ARTICLE{blazek2012,
   author = {{Blazek}, J. and {Mandelbaum}, R. and {Seljak}, U. and {Nakajima}, R.
	},
    title = "{Separating intrinsic alignment and galaxy-galaxy lensing}",
  journal = {\jcap},
archivePrefix = "arXiv",
   eprint = {1204.2264},
 primaryClass = "astro-ph.CO",
     year = 2012,
    month = may,
   volume = 5,
      eid = {041},
    pages = {041},
      doi = {10.1088/1475-7516/2012/05/041},
   adsurl = {http://adsabs.harvard.edu/abs/2012JCAP...05..041B},
  adsnote = {Provided by the SAO/NASA Astrophysics Data System}
}

% Random subtraction

@ARTICLE{singh2017,
   author = {{Singh}, S. and {Mandelbaum}, R. and {Seljak}, U. and {Slosar}, A. and 
	{Vazquez Gonzalez}, J.},
    title = "{Galaxy-galaxy lensing estimators and their covariance properties}",
  journal = {\mnras},
archivePrefix = "arXiv",
   eprint = {1611.00752},
 keywords = {gravitational lensing: weak, galaxies: evolution, large-scale structure of Universe, cosmology: observations},
     year = 2017,
    month = nov,
   volume = 471,
    pages = {3827-3844},
      doi = {10.1093/mnras/stx1828},
   adsurl = {http://adsabs.harvard.edu/abs/2017MNRAS.471.3827S},
  adsnote = {Provided by the SAO/NASA Astrophysics Data System}
}


% GAMA survey papers

@ARTICLE{driver2011,
   author = {{Driver}, S.~P. and {Hill}, D.~T. and {Kelvin}, L.~S. and {Robotham}, A.~S.~G. and 
	{Liske}, J. and {Norberg}, P. and {Baldry}, I.~K. and {Bamford}, S.~P. and 
	{Hopkins}, A.~M. and {Loveday}, J. and {Peacock}, J.~A. and 
	{Andrae}, E. and {Bland-Hawthorn}, J. and {Brough}, S. and {Brown}, M.~J.~I. and 
	{Cameron}, E. and {Ching}, J.~H.~Y. and {Colless}, M. and {Conselice}, C.~J. and 
	{Croom}, S.~M. and {Cross}, N.~J.~G. and {de Propris}, R. and 
	{Dye}, S. and {Drinkwater}, M.~J. and {Ellis}, S. and {Graham}, A.~W. and 
	{Grootes}, M.~W. and {Gunawardhana}, M. and {Jones}, D.~H. and 
	{van Kampen}, E. and {Maraston}, C. and {Nichol}, R.~C. and 
	{Parkinson}, H.~R. and {Phillipps}, S. and {Pimbblet}, K. and 
	{Popescu}, C.~C. and {Prescott}, M. and {Roseboom}, I.~G. and 
	{Sadler}, E.~M. and {Sansom}, A.~E. and {Sharp}, R.~G. and {Smith}, D.~J.~B. and 
	{Taylor}, E. and {Thomas}, D. and {Tuffs}, R.~J. and {Wijesinghe}, D. and 
	{Dunne}, L. and {Frenk}, C.~S. and {Jarvis}, M.~J. and {Madore}, B.~F. and 
	{Meyer}, M.~J. and {Seibert}, M. and {Staveley-Smith}, L. and 
	{Sutherland}, W.~J. and {Warren}, S.~J.},
    title = "{Galaxy and Mass Assembly (GAMA): survey diagnostics and core data release}",
  journal = {\mnras},
archivePrefix = "arXiv",
   eprint = {1009.0614},
 keywords = {surveys, galaxies: distances and redshifts, galaxies: fundamental parameters, galaxies: general, galaxies: statistics},
     year = 2011,
    month = may,
   volume = 413,
    pages = {971-995},
      doi = {10.1111/j.1365-2966.2010.18188.x},
   adsurl = {http://adsabs.harvard.edu/abs/2011MNRAS.413..971D},
  adsnote = {Provided by the SAO/NASA Astrophysics Data System}
}


@ARTICLE{liske2015,
   author = {{Liske}, J. and {Baldry}, I.~K. and {Driver}, S.~P. and {Tuffs}, R.~J. and 
	{Alpaslan}, M. and {Andrae}, E. and {Brough}, S. and {Cluver}, M.~E. and 
	{Grootes}, M.~W. and {Gunawardhana}, M.~L.~P. and {Kelvin}, L.~S. and 
	{Loveday}, J. and {Robotham}, A.~S.~G. and {Taylor}, E.~N. and 
	{Bamford}, S.~P. and {Bland-Hawthorn}, J. and {Brown}, M.~J.~I. and 
	{Drinkwater}, M.~J. and {Hopkins}, A.~M. and {Meyer}, M.~J. and 
	{Norberg}, P. and {Peacock}, J.~A. and {Agius}, N.~K. and {Andrews}, S.~K. and 
	{Bauer}, A.~E. and {Ching}, J.~H.~Y. and {Colless}, M. and {Conselice}, C.~J. and 
	{Croom}, S.~M. and {Davies}, L.~J.~M. and {De Propris}, R. and 
	{Dunne}, L. and {Eardley}, E.~M. and {Ellis}, S. and {Foster}, C. and 
	{Frenk}, C.~S. and {H{\"a}u{\ss}ler}, B. and {Holwerda}, B.~W. and 
	{Howlett}, C. and {Ibarra}, H. and {Jarvis}, M.~J. and {Jones}, D.~H. and 
	{Kafle}, P.~R. and {Lacey}, C.~G. and {Lange}, R. and {Lara-L{\'o}pez}, M.~A. and 
	{L{\'o}pez-S{\'a}nchez}, {\'A}.~R. and {Maddox}, S. and {Madore}, B.~F. and 
	{McNaught-Roberts}, T. and {Moffett}, A.~J. and {Nichol}, R.~C. and 
	{Owers}, M.~S. and {Palamara}, D. and {Penny}, S.~J. and {Phillipps}, S. and 
	{Pimbblet}, K.~A. and {Popescu}, C.~C. and {Prescott}, M. and 
	{Proctor}, R. and {Sadler}, E.~M. and {Sansom}, A.~E. and {Seibert}, M. and 
	{Sharp}, R. and {Sutherland}, W. and {V{\'a}zquez-Mata}, J.~A. and 
	{van Kampen}, E. and {Wilkins}, S.~M. and {Williams}, R. and 
	{Wright}, A.~H.},
    title = "{Galaxy And Mass Assembly (GAMA): end of survey report and data release 2}",
  journal = {\mnras},
archivePrefix = "arXiv",
   eprint = {1506.08222},
 keywords = {surveys, galaxies: distances and redshifts, galaxies: fundamental parameters, galaxies: general, galaxies: photometry, galaxies: statistics},
     year = 2015,
    month = sep,
   volume = 452,
    pages = {2087-2126},
      doi = {10.1093/mnras/stv1436},
   adsurl = {http://adsabs.harvard.edu/abs/2015MNRAS.452.2087L},
  adsnote = {Provided by the SAO/NASA Astrophysics Data System}
}


% GAMA galaxy catalogue paper

@article{robotham2011lenscat,
  title={Galaxy and Mass Assembly (GAMA): the GAMA galaxy group catalogue (G3Cv1)},
  author={Robotham, Aaron SG and Norberg, Peder and Driver, Simon P and Baldry, Ivan K and Bamford, Steven P and Hopkins, Andrew M and Liske, Jochen and Loveday, Jon and Merson, A and Peacock, John A and others},
  journal={\mnras},
  volume={416},
  number={4},
  pages={2640--2668},
  year={2011},
  publisher={Oxford University Press}
}

@ARTICLE{bower2006,
   author = {{Bower}, R.~G. and {Benson}, A.~J. and {Malbon}, R. and {Helly}, J.~C. and 
	{Frenk}, C.~S. and {Baugh}, C.~M. and {Cole}, S. and {Lacey}, C.~G.
	},
    title = "{Breaking the hierarchy of galaxy formation}",
  journal = {\mnras},
   eprint = {astro-ph/0511338},
 keywords = {galaxies: evolution: galaxies: formation: galaxies: luminosity function, galaxies: evolution, galaxies: formation, galaxies: luminosity function},
     year = 2006,
    month = aug,
   volume = 370,
    pages = {645-655},
      doi = {10.1111/j.1365-2966.2006.10519.x},
   adsurl = {http://adsabs.harvard.edu/abs/2006MNRAS.370..645B},
  adsnote = {Provided by the SAO/NASA Astrophysics Data System}
}


% Cosmological simulations

@ARTICLE{springel2005,
   author = {{Springel}, V. and {White}, S.~D.~M. and {Jenkins}, A. and {Frenk}, C.~S. and 
	{Yoshida}, N. and {Gao}, L. and {Navarro}, J. and {Thacker}, R. and 
	{Croton}, D. and {Helly}, J. and {Peacock}, J.~A. and {Cole}, S. and 
	{Thomas}, P. and {Couchman}, H. and {Evrard}, A. and {Colberg}, J. and 
	{Pearce}, F.},
    title = "{Simulations of the formation, evolution and clustering of galaxies and quasars}",
  journal = {\nat},
   eprint = {astro-ph/0504097},
     year = 2005,
    month = jun,
   volume = 435,
    pages = {629-636},
      doi = {10.1038/nature03597},
   adsurl = {http://adsabs.harvard.edu/abs/2005Natur.435..629S},
  adsnote = {Provided by the SAO/NASA Astrophysics Data System}
}

@ARTICLE{vogelsberger2014,
   author = {{Vogelsberger}, M. and {Genel}, S. and {Springel}, V. and {Torrey}, P. and 
	{Sijacki}, D. and {Xu}, D. and {Snyder}, G. and {Bird}, S. and 
	{Nelson}, D. and {Hernquist}, L.},
    title = "{Properties of galaxies reproduced by a hydrodynamic simulation}",
  journal = {\nat},
archivePrefix = "arXiv",
   eprint = {1405.1418},
     year = 2014,
    month = may,
   volume = 509,
    pages = {177-182},
      doi = {10.1038/nature13316},
   adsurl = {http://adsabs.harvard.edu/abs/2014Natur.509..177V},
  adsnote = {Provided by the SAO/NASA Astrophysics Data System}
}

@ARTICLE{schaye2015,
   author = {{Schaye}, J. and {Crain}, R.~A. and {Bower}, R.~G. and {Furlong}, M. and 
	{Schaller}, M. and {Theuns}, T. and {Dalla Vecchia}, C. and 
	{Frenk}, C.~S. and {McCarthy}, I.~G. and {Helly}, J.~C. and 
	{Jenkins}, A. and {Rosas-Guevara}, Y.~M. and {White}, S.~D.~M. and 
	{Baes}, M. and {Booth}, C.~M. and {Camps}, P. and {Navarro}, J.~F. and 
	{Qu}, Y. and {Rahmati}, A. and {Sawala}, T. and {Thomas}, P.~A. and 
	{Trayford}, J.},
    title = "{The EAGLE project: simulating the evolution and assembly of galaxies and their environments}",
  journal = {\mnras},
archivePrefix = "arXiv",
   eprint = {1407.7040},
 keywords = {methods: numerical, galaxies: evolution, galaxies: formation, cosmology: theory},
     year = 2015,
    month = jan,
   volume = 446,
    pages = {521-554},
      doi = {10.1093/mnras/stu2058},
   adsurl = {http://adsabs.harvard.edu/abs/2015MNRAS.446..521S},
  adsnote = {Provided by the SAO/NASA Astrophysics Data System}
}


% MICE simulations

@ARTICLE{fosalba2015b,
   author = {{Fosalba}, P. and {Crocce}, M. and {Gazta{\~n}aga}, E. and {Castander}, F.~J.
	},
    title = "{The MICE grand challenge lightcone simulation - I. Dark matter clustering}",
  journal = {\mnras},
archivePrefix = "arXiv",
   eprint = {1312.1707},
 keywords = {methods: numerical, galaxies: statistics, dark matter, large-scale structure of Universe},
     year = 2015,
    month = apr,
   volume = 448,
    pages = {2987-3000},
      doi = {10.1093/mnras/stv138},
   adsurl = {http://adsabs.harvard.edu/abs/2015MNRAS.448.2987F},
  adsnote = {Provided by the SAO/NASA Astrophysics Data System}
}

@ARTICLE{crocce2015,
   author = {{Crocce}, M. and {Castander}, F.~J. and {Gazta{\~n}aga}, E. and 
	{Fosalba}, P. and {Carretero}, J.},
    title = "{The MICE Grand Challenge lightcone simulation - II. Halo and galaxy catalogues}",
  journal = {\mnras},
archivePrefix = "arXiv",
   eprint = {1312.2013},
 keywords = {methods: numerical, cosmology: observations, dark energy, distance scale, large-scale structure of Universe},
     year = 2015,
    month = oct,
   volume = 453,
    pages = {1513-1530},
      doi = {10.1093/mnras/stv1708},
   adsurl = {http://adsabs.harvard.edu/abs/2015MNRAS.453.1513C},
  adsnote = {Provided by the SAO/NASA Astrophysics Data System}
}


@ARTICLE{fosalba2015a,
   author = {{Fosalba}, P. and {Gazta{\~n}aga}, E. and {Castander}, F.~J. and 
	{Crocce}, M.},
    title = "{The MICE Grand Challenge light-cone simulation - III. Galaxy lensing mocks from all-sky lensing maps}",
  journal = {\mnras},
archivePrefix = "arXiv",
   eprint = {1312.2947},
 keywords = {gravitational lensing: weak, methods: analytical, methods: numerical, galaxies: general, cosmology: theory, large-scale structure of Universe},
     year = 2015,
    month = feb,
   volume = 447,
    pages = {1319-1332},
      doi = {10.1093/mnras/stu2464},
   adsurl = {http://adsabs.harvard.edu/abs/2015MNRAS.447.1319F},
  adsnote = {Provided by the SAO/NASA Astrophysics Data System}
}


@ARTICLE{carretero2015,
   author = {{Carretero}, J. and {Castander}, F.~J. and {Gazta{\~n}aga}, E. and 
	{Crocce}, M. and {Fosalba}, P.},
    title = "{An algorithm to build mock galaxy catalogues using MICE simulations}",
  journal = {\mnras},
archivePrefix = "arXiv",
   eprint = {1411.3286},
 keywords = {Astronomical data bases, catalogues, galaxies: evolution, galaxies: haloes, large-scale structure of Universe},
     year = 2015,
    month = feb,
   volume = 447,
    pages = {646-670},
      doi = {10.1093/mnras/stu2402},
   adsurl = {http://adsabs.harvard.edu/abs/2015MNRAS.447..646C},
  adsnote = {Provided by the SAO/NASA Astrophysics Data System}
}

@ARTICLE{hoffmann2015,
   author = {{Hoffmann}, K. and {Bel}, J. and {Gazta{\~n}aga}, E. and {Crocce}, M. and 
	{Fosalba}, P. and {Castander}, F.~J.},
    title = "{Measuring the growth of matter fluctuations with third-order galaxy correlations}",
  journal = {\mnras},
archivePrefix = "arXiv",
   eprint = {1403.1259},
 keywords = {cosmology: miscellaneous, cosmology: observations, cosmology: theory, dark energy, dark matter, large-scale structure of Universe},
     year = 2015,
    month = feb,
   volume = 447,
    pages = {1724-1745},
      doi = {10.1093/mnras/stu2492},
   adsurl = {http://adsabs.harvard.edu/abs/2015MNRAS.447.1724H},
  adsnote = {Provided by the SAO/NASA Astrophysics Data System}
}

@ARTICLE{fosalba2008,
   author = {{Fosalba}, P. and {Gazta{\~n}aga}, E. and {Castander}, F.~J. and 
	{Manera}, M.},
    title = "{The onion universe: all sky lightcone simulations in spherical shells}",
  journal = {\mnras},
archivePrefix = "arXiv",
   eprint = {0711.1540},
 keywords = {methods: N-body simulations , galaxies: statistics , large-scale structure of Universe},
     year = 2008,
    month = nov,
   volume = 391,
    pages = {435-446},
      doi = {10.1111/j.1365-2966.2008.13910.x},
   adsurl = {http://adsabs.harvard.edu/abs/2008MNRAS.391..435F},
  adsnote = {Provided by the SAO/NASA Astrophysics Data System}
}

@INPROCEEDINGS{carretero2017,
      author         = "Carretero, Jorge and others",
      title          = "{CosmoHub and SciPIC: Massive cosmological data analysis,
                        distribution and generation using a Big Data platform}",
      booktitle      = "{Proceedings, 2017 European Physical Society Conference
                        on High Energy Physics (EPS-HEP 2017): Venice, Italy, July
                        5-12, 2017}",
      journal        = "PoS",
      volume         = "EPS-HEP2017",
      year           = "2017",
      pages          = "488",
      doi            = "10.22323/1.314.0488",
      SLACcitation   = "%%CITATION = POSCI,EPS-HEP2017,488;%%"
}


% GAMA mocks

@ARTICLE{harnois2015,
   author = {{Harnois-D{\'e}raps}, J. and {van Waerbeke}, L.},
    title = "{Simulations of weak gravitational lensing - II. Including finite support effects in cosmic shear covariance matrices}",
  journal = {\mnras},
archivePrefix = "arXiv",
   eprint = {1406.0543},
 keywords = {methods: numerical, dark matter, large-scale structure of Universe},
     year = 2015,
    month = jul,
   volume = 450,
    pages = {2857-2873},
      doi = {10.1093/mnras/stv794},
   adsurl = {http://adsabs.harvard.edu/abs/2015MNRAS.450.2857H},
  adsnote = {Provided by the SAO/NASA Astrophysics Data System}
}

@ARTICLE{harnois2018,
   author = {{Harnois-Deraps}, J. and {Amon}, A. and {Choi}, A. and {Demchenko}, V. and 
	{Heymans}, C. and {Kannawadi}, A. and {Nakajima}, R. and {Sirks}, E. and 
	{van Waerbeke}, L. and {Cai}, Y.-C. and {Giblin}, B. and {Hildebrandt}, H. and 
	{Hoekstra}, H. and {Miller}, L. and {Troester}, T.},
    title = "{Cosmological Simulations for Combined-Probe Analyses: Covariance and Neighbour-Exclusion Bias}",
  journal = {ArXiv e-prints},
archivePrefix = "arXiv",
   eprint = {1805.04511},
 keywords = {Astrophysics - Cosmology and Nongalactic Astrophysics},
     year = 2018,
    month = may,
   adsurl = {http://adsabs.harvard.edu/abs/2018arXiv180504511H},
  adsnote = {Provided by the SAO/NASA Astrophysics Data System}
}

@ARTICLE{heitmann2014,
   author = {{Heitmann}, K. and {Lawrence}, E. and {Kwan}, J. and {Habib}, S. and 
	{Higdon}, D.},
    title = "{The Coyote Universe Extended: Precision Emulation of the Matter Power Spectrum}",
  journal = {\apj},
archivePrefix = "arXiv",
   eprint = {1304.7849},
 keywords = {large-scale structure of universe, methods: statistical},
     year = 2014,
    month = jan,
   volume = 780,
      eid = {111},
    pages = {111},
      doi = {10.1088/0004-637X/780/1/111},
   adsurl = {http://adsabs.harvard.edu/abs/2014ApJ...780..111H},
  adsnote = {Provided by the SAO/NASA Astrophysics Data System}
}



@Article{smith2017,
  author        = {{Smith}, A. and {Cole}, S. and {Baugh}, C. and {Zheng}, Z. and {Angulo}, R. and {Norberg}, P. and {Zehavi}, I.},
  title         = {{A Lightcone Catalogue from the Millennium-XXL Simulation}},
  journal       = {ArXiv e-prints},
  year          = {2017},
  month         = jan,
  adsnote       = {Provided by the SAO/NASA Astrophysics Data System},
  adsurl        = {http://adsabs.harvard.edu/abs/2017arXiv170106581S},
  archiveprefix = {arXiv},
  eprint        = {1701.06581},
  keywords      = {Astrophysics - Cosmology and Nongalactic Astrophysics},
}



% Halo formation from a density perturbation
@article{peebles1970structureform,
  title={Primeval adiabatic perturbation in an expanding universe},
  author={Peebles, Philip JE and Yu, JT},
  journal={\apj},
  volume={162},
  pages={815},
  year={1970}
}

@article{peebles1974haloes,
  title={The gravitational-instability picture and the nature of the distribution of galaxies},
  author={Peebles, PJE},
  journal={\apj},
  volume={189},
  pages={L51},
  year={1974}
}

@ARTICLE{coles1991,
   author = {{Coles}, P. and {Jones}, B.},
    title = "{A lognormal model for the cosmological mass distribution}",
  journal = {\mnras},
 keywords = {Astronomical Models, Cosmology, Mass Distribution, Statistical Distributions, Density Distribution, Galactic Evolution, Monte Carlo Method, Normal Density Functions},
     year = 1991,
    month = jan,
   volume = 248,
    pages = {1-13},
      doi = {10.1093/mnras/248.1.1},
   adsurl = {http://adsabs.harvard.edu/abs/1991MNRAS.248....1C},
  adsnote = {Provided by the SAO/NASA Astrophysics Data System}
}


% Galaxy formation book
@book{binney2011galaxyform,
  title={Galactic dynamics},
  author={Binney, James and Tremaine, Scott},
  year={2011},
  publisher={Princeton university press}
}

% Accretion of baryons into haloes
@article{white1978galaxyform,
  title={Core condensation in heavy halos: a two-stage theory for galaxy formation and clustering},
  author={White, Simon DM and Rees, MJ},
  journal={\mnras},
  volume={183},
  number={3},
  pages={341--358},
  year={1978},
  publisher={Oxford University Press}
}

% Galaxy accretion and merging
@article{white1991merging,
  title={Galaxy formation through hierarchical clustering},
  author={White, Simon DM and Frenk, Carlos S},
  journal={\apj},
  volume={379},
  pages={52--79},
  year={1991}
}


% Galaxy galaxy lensing

@article{mandelbaum2006,
  title={Galaxy halo masses and satellite fractions from galaxy--galaxy lensing in the Sloan Digital Sky Survey: stellar mass, luminosity, morphology and environment dependencies},
  author={Mandelbaum, Rachel and Seljak, Uro{\v{s}} and Kauffmann, Guinevere and Hirata, Christopher M and Brinkmann, Jonathan},
  journal={\mnras},
  volume={368},
  number={2},
  pages={715--731},
  year={2006},
  publisher={Oxford University Press}
}


@ARTICLE{velander2014,
   author = {{Velander}, M. and {van Uitert}, E. and {Hoekstra}, H. and {Coupon}, J. and 
	{Erben}, T. and {Heymans}, C. and {Hildebrandt}, H. and {Kitching}, T.~D. and 
	{Mellier}, Y. and {Miller}, L. and {Van Waerbeke}, L. and {Bonnett}, C. and 
	{Fu}, L. and {Giodini}, S. and {Hudson}, M.~J. and {Kuijken}, K. and 
	{Rowe}, B. and {Schrabback}, T. and {Semboloni}, E.},
    title = "{CFHTLenS: the relation between galaxy dark matter haloes and baryons from weak gravitational lensing}",
  journal = {\mnras},
archivePrefix = "arXiv",
   eprint = {1304.4265},
 keywords = {gravitational lensing: weak, galaxies: haloes, cosmology: observations, dark matter},
     year = 2014,
    month = jan,
   volume = 437,
    pages = {2111-2136},
      doi = {10.1093/mnras/stt2013},
   adsurl = {http://adsabs.harvard.edu/abs/2014MNRAS.437.2111V},
  adsnote = {Provided by the SAO/NASA Astrophysics Data System}
}

@ARTICLE{uitert2011,
   author = {{\SortNoop{Uitert}}van Uitert, E. and {Hoekstra}, H. and {Velander}, M. and {Gilbank}, D.~G. and 
	{Gladders}, M.~D. and {Yee}, H.~K.~C.},
    title = "{Galaxy-galaxy lensing constraints on the relation between baryons and dark matter in galaxies in the Red Sequence Cluster Survey 2}",
  journal = {\aap},
archivePrefix = "arXiv",
   eprint = {1107.4093},
 keywords = {gravitational lensing: weak, galaxies: formation, galaxies: halos},
     year = 2011,
    month = oct,
   volume = 534,
      eid = {A14},
    pages = {A14},
      doi = {10.1051/0004-6361/201117308},
   adsurl = {http://adsabs.harvard.edu/abs/2011A%26A...534A..14V},
  adsnote = {Provided by the SAO/NASA Astrophysics Data System}
}

@ARTICLE{uitert2016b,
   author = {{\SortNoop{Uitert}}van Uitert, E. and {Schneider}, P.},
    title = "{Systematic tests for position-dependent additive shear bias}",
  journal = {\aap},
archivePrefix = "arXiv",
   eprint = {1605.01056},
 keywords = {gravitational lensing: weak, methods: observational},
     year = 2016,
    month = nov,
   volume = 595,
      eid = {A93},
    pages = {A93},
      doi = {10.1051/0004-6361/201628846},
   adsurl = {http://adsabs.harvard.edu/abs/2016A%26A...595A..93V},
  adsnote = {Provided by the SAO/NASA Astrophysics Data System}
}


% Modelled dependence of halo mass on stellar mass
@article{moster2010,
  title={Constraints on the relationship between stellar mass and halo mass at low and high redshift},
  author={Moster, Benjamin P and Somerville, Rachel S and Maulbetsch, Christian and van den Bosch, Frank C and Macci{\`o}, Andrea V and Naab, Thorsten and Oser, Ludwig},
  journal={\apj},
  volume={710},
  number={2},
  pages={903},
  year={2010},
  publisher={IOP Publishing}
}



@ARTICLE{waerbeke2013,
   author = {{Van Waerbeke}, L. and {Benjamin}, J. and {Erben}, T. and {Heymans}, C. and 
	{Hildebrandt}, H. and {Hoekstra}, H. and {Kitching}, T.~D. and 
	{Mellier}, Y. and {Miller}, L. and {Coupon}, J. and {Harnois-D{\'e}raps}, J. and 
	{Fu}, L. and {Hudson}, M. and {Kilbinger}, M. and {Kuijken}, K. and 
	{Rowe}, B. and {Schrabback}, T. and {Semboloni}, E. and {Vafaei}, S. and 
	{van Uitert}, E. and {Velander}, M.},
    title = "{CFHTLenS: mapping the large-scale structure with gravitational lensing}",
  journal = {\mnras},
archivePrefix = "arXiv",
   eprint = {1303.1806},
 keywords = {dark matter, large-scale structure of Universe},
     year = 2013,
    month = aug,
   volume = 433,
    pages = {3373-3388},
      doi = {10.1093/mnras/stt971},
   adsurl = {http://adsabs.harvard.edu/abs/2013MNRAS.433.3373V},
  adsnote = {Provided by the SAO/NASA Astrophysics Data System}
}




% Weak lensing
@article{brainerd1996ggl,
  title={Weak gravitational lensing by galaxies},
  author={Brainerd, Tereasa G and Blandford, Roger D and Smail, Ian},
  journal={\apj},
  volume={466},
  pages={623},
  year={1996}
}

@article{courteau2014ggl,
   author = {{Courteau}, S. and {Cappellari}, M. and {de Jong}, R.~S. and 
	{Dutton}, A.~A. and {Emsellem}, E. and {Hoekstra}, H. and {Koopmans}, L.~V.~E. and 
	{Mamon}, G.~A. and {Maraston}, C. and {Treu}, T. and {Widrow}, L.~M.
	},
    title = "{Galaxy masses}",
  journal = {Reviews of Modern Physics},
archivePrefix = "arXiv",
   eprint = {1309.3276},
 keywords = {Mass and mass distribution, Statistical and correlative studies of properties, Mass and density},
     year = 2014,
    month = jan,
   volume = 86,
    pages = {47-119},
  adsnote = {Provided by the SAO/NASA Astrophysics Data System}
}

@ARTICLE{hoekstra2004,
   author = {{Hoekstra}, H. and {Yee}, H.~K.~C. and {Gladders}, M.~D.},
    title = "{Properties of Galaxy Dark Matter Halos from Weak Lensing}",
  journal = {\apj},
   eprint = {astro-ph/0306515},
 keywords = {Cosmology: Observations, Cosmology: Dark Matter, Galaxies: Halos, Cosmology: Gravitational Lensing},
     year = 2004,
    month = may,
   volume = 606,
    pages = {67-77},
  adsnote = {Provided by the SAO/NASA Astrophysics Data System}
}


@inproceedings{mandelbaum2015,
   author = {{Mandelbaum}, R.},
    title = "{Galaxy Halo Masses from Weak Gravitational Lensing}",
booktitle = {Galaxy Masses as Constraints of Formation Models},
     year = 2015,
   series = {IAU Symposium},
   volume = 311,
archivePrefix = "arXiv",
   eprint = {1410.0734},
   editor = {{Cappellari}, M. and {Courteau}, S.},
    month = apr,
    pages = {86-95},
  adsnote = {Provided by the SAO/NASA Astrophysics Data System}
}

@ARTICLE{fischer2000ggl,
   author = {{Fischer}, P. and {McKay}, T.~A. and {Sheldon}, E. and {Connolly}, A. and 
	{Stebbins}, A. and {Frieman}, J.~A. and {Jain}, B. and {Joffre}, M. and 
	{Johnston}, D. and {Bernstein}, G. and {Annis}, J. and {Bahcall}, N.~A. and 
	{Brinkmann}, J. and {Carr}, M.~A. and {Csabai}, I. and {Gunn}, J.~E. and 
	{Hennessy}, G.~S. and {Hindsley}, R.~B. and {Hull}, C. and {Ivezi{\'c}}, {\v Z}. and 
	{Knapp}, G.~R. and {Limmongkol}, S. and {Lupton}, R.~H. and 
	{Munn}, J.~A. and {Nash}, T. and {Newberg}, H.~J. and {Owen}, R. and 
	{Pier}, J.~R. and {Rockosi}, C.~M. and {Schneider}, D.~P. and 
	{Smith}, J.~A. and {Stoughton}, C. and {Szalay}, A.~S. and {Szokoly}, G.~P. and 
	{Thakar}, A.~R. and {Vogeley}, M.~S. and {Waddell}, P. and {Weinberg}, D.~H. and 
	{York}, D.~G. and {SDSS Collaboration}},
    title = "{Weak Lensing with Sloan Digital Sky Survey Commissioning Data: The Galaxy-Mass Correlation Function to 1 H$^{-1}$ Mpc}",
  journal = {\aj},
   eprint = {astro-ph/9912119},
 keywords = {Cosmology: Dark Matter, Galaxies: Fundamental Parameters, Galaxies: Halos, Cosmology: Gravitational Lensing, Cosmology: Large-Scale Structure of Universe},
     year = 2000,
    month = sep,
   volume = 120,
    pages = {1198-1208},
      doi = {10.1086/301540},
   adsurl = {http://adsabs.harvard.edu/abs/2000AJ....120.1198F},
  adsnote = {Provided by the SAO/NASA Astrophysics Data System}
}

% Cluster lensing

@ARTICLE{linden2014,
   author = {{\swap{Linden}{von der }}, A. and {Allen}, M.~T. and {Applegate}, D.~E. and 
	{Kelly}, P.~L. and {Allen}, S.~W. and {Ebeling}, H. and {Burchat}, P.~R. and 
	{Burke}, D.~L. and {Donovan}, D. and {Morris}, R.~G. and {Blandford}, R. and 
	{Erben}, T. and {Mantz}, A.},
    title = "{Weighing the Giants - I. Weak-lensing masses for 51 massive galaxy clusters: project overview, data analysis methods and cluster images}",
  journal = {\mnras},
archivePrefix = "arXiv",
   eprint = {1208.0597},
 keywords = {gravitational lensing: weak, methods: data analysis, galaxies: clusters: general, galaxies: elliptical and lenticular, cD, cosmology: observations},
     year = 2014,
    month = mar,
   volume = 439,
    pages = {2-27},
      doi = {10.1093/mnras/stt1945},
   adsurl = {http://adsabs.harvard.edu/abs/2014MNRAS.439....2V},
  adsnote = {Provided by the SAO/NASA Astrophysics Data System}
}


@ARTICLE{hoekstra2015,
   author = {{Hoekstra}, H. and {Herbonnet}, R. and {Muzzin}, A. and {Babul}, A. and 
	{Mahdavi}, A. and {Viola}, M. and {Cacciato}, M.},
    title = "{The Canadian Cluster Comparison Project: detailed study of systematics and updated weak lensing masses}",
  journal = {\mnras},
archivePrefix = "arXiv",
   eprint = {1502.01883},
 keywords = {cosmology: observations, dark matter},
     year = 2015,
    month = may,
   volume = 449,
    pages = {685-714},
      doi = {10.1093/mnras/stv275},
   adsurl = {http://adsabs.harvard.edu/abs/2015MNRAS.449..685H},
  adsnote = {Provided by the SAO/NASA Astrophysics Data System}
}

% Weak lensing intro
@ARTICLE{bartelmann2001,
   author = {{Bartelmann}, M. and {Schneider}, P.},
    title = "{Weak gravitational lensing}",
  journal = {\physrep},
   eprint = {astro-ph/9912508},
     year = 2001,
    month = jan,
   volume = 340,
    pages = {291-472},
      doi = {10.1016/S0370-1573(00)00082-X},
   adsurl = {http://adsabs.harvard.edu/abs/2001PhR...340..291B},
  adsnote = {Provided by the SAO/NASA Astrophysics Data System}
}


% Galaxy-galaxy lensing intro
@book{schneider2006,
      author        = "Schneider, Peter and Kochanek, Christopher S and
                       Wambsganss, Joachim",
      title         = "{Gravitational Lensing: Strong, Weak and Micro}",
      publisher     = "Springer",
      address       = "Berlin, Heidelberg",
      series        = "Saas-Fee Advanced Courses, Swiss Society for Astrophysics
                       and Astronomy",
      year          = "2006",
      url           = "http://cds.cern.ch/record/1339023",
}


@article{parker2005,
  title={Mass-to-light ratios of galaxy groups from weak lensing},
  author={Parker, Laura C and Hudson, Michael J and Carlberg, Ray G and Hoekstra, Henk},
  journal={\apj},
  volume={634},
  number={2},
  pages={806},
  year={2005},
  publisher={IOP Publishing}
}

@article{leauthaud2010,
  title={A weak lensing study of X-ray groups in the cosmos survey: form and evolution of the mass-luminosity relation},
  author={Leauthaud, Alexie and Finoguenov, Alexis and Kneib, Jean-Paul and Taylor, James E and Massey, Richard and Rhodes, Jason and Ilbert, Olivier and Bundy, Kevin and Tinker, Jeremy and George, Matthew R and others},
  journal={\apj},
  volume={709},
  number={1},
  pages={97},
  year={2010},
  publisher={IOP Publishing}
}

% Planck Cosmological parameters

@article{planck2014,
   author = {Planck XVI, x},
    title = "{Planck 2013 results. XVI. Cosmological parameters}",
  journal = {\aap},
archivePrefix = "arXiv",
   eprint = {1303.5076},
 keywords = {cosmic background radiation, cosmological parameters, early Universe, inflation, primordial nucleosynthesis},
     year = 2014,
    month = nov,
   volume = 571,
      eid = {A16},
    pages = {A16},
  adsnote = {Provided by the SAO/NASA Astrophysics Data System}
}


@ARTICLE{planck2015,
    author = {Planck XIII, x},
    title = "{Planck 2015 results. XIII. Cosmological parameters}",
  journal = {\aap},
archivePrefix = "arXiv",
   eprint = {1502.01589},
 keywords = {cosmology: observations, cosmology: theory, cosmic background radiation, cosmological parameters},
     year = 2016,
    month = sep,
   volume = 594,
      eid = {A13},
    pages = {A13},
      doi = {10.1051/0004-6361/201525830},
   adsurl = {http://adsabs.harvard.edu/abs/2016A%26A...594A..13P},
  adsnote = {Provided by the SAO/NASA Astrophysics Data System}
}


% KiDS papers
@ARTICLE{dejong2013,
   author = {{\SortNoop{Jong}}de Jong, J.~T.~A. and {Verdoes Kleijn}, G.~A. and {Kuijken}, K.~H. and 
	{Valentijn}, E.~A.},
    title = "{The Kilo-Degree Survey}",
  journal = {Experimental Astronomy},
archivePrefix = "arXiv",
   eprint = {1206.1254},
 keywords = {Wide-field imaging, Survey system, VLT/VST, Weak gravitational lensing, Photometric redshifts},
     year = 2013,
    month = jan,
   volume = 35,
    pages = {25-44},
      doi = {10.1007/s10686-012-9306-1},
   adsurl = {http://adsabs.harvard.edu/abs/2013ExA....35...25D},
  adsnote = {Provided by the SAO/NASA Astrophysics Data System}
}


@ARTICLE{capaccioli2011,
   author = {{Capaccioli}, M. and {Schipani}, P.},
    title = "{The VLT Survey Telescope Opens to the Sky: History of a Commissioning}",
  journal = {The Messenger},
     year = 2011,
    month = dec,
   volume = 146,
    pages = {2-7},
   adsurl = {http://adsabs.harvard.edu/abs/2011Msngr.146....2C},
  adsnote = {Provided by the SAO/NASA Astrophysics Data System}
}


@ARTICLE{kuijken2011,
   author = {{Kuijken}, K.},
    title = "{OmegaCAM: ESO's Newest Imager}",
  journal = {The Messenger},
     year = 2011,
    month = dec,
   volume = 146,
    pages = {8-11},
   adsurl = {http://adsabs.harvard.edu/abs/2011Msngr.146....8K},
  adsnote = {Provided by the SAO/NASA Astrophysics Data System}
}


% Lensing with KiDS papers
@ARTICLE{kuijken2015,
   author = {{Kuijken}, K. and {Heymans}, C. and {Hildebrandt}, H. and {Nakajima}, R. and 
	{Erben}, T. and {de Jong}, J.~T.~A. and {Viola}, M. and {Choi}, A. and 
	{Hoekstra}, H. and {Miller}, L. and {van Uitert}, E. and {Amon}, A. and 
	{Blake}, C. and {Brouwer}, M. and {Buddendiek}, A. and {Conti}, I.~F. and 
	{Eriksen}, M. and {Grado}, A. and {Harnois-D{\'e}raps}, J. and 
	{Helmich}, E. and {Herbonnet}, R. and {Irisarri}, N. and {Kitching}, T. and 
	{Klaes}, D. and {La Barbera}, F. and {Napolitano}, N. and {Radovich}, M. and 
	{Schneider}, P. and {Sif{\'o}n}, C. and {Sikkema}, G. and {Simon}, P. and 
	{Tudorica}, A. and {Valentijn}, E. and {Verdoes Kleijn}, G. and 
	{van Waerbeke}, L.},
    title = "{Gravitational lensing analysis of the Kilo-Degree Survey}",
  journal = {\mnras},
archivePrefix = "arXiv",
   eprint = {1507.00738},
 keywords = {gravitational lensing: weak, surveys, galaxies: photometry, cosmology: observations},
     year = 2015,
    month = dec,
   volume = 454,
    pages = {3500-3532},
      doi = {10.1093/mnras/stv2140},
   adsurl = {http://adsabs.harvard.edu/abs/2015MNRAS.454.3500K},
  adsnote = {Provided by the SAO/NASA Astrophysics Data System}
}

@ARTICLE{hildebrandt2017,
   author = {{Hildebrandt}, H. and {Viola}, M. and {Heymans}, C. and {Joudaki}, S. and 
	{Kuijken}, K. and {Blake}, C. and {Erben}, T. and {Joachimi}, B. and 
	{Klaes}, D. and {Miller}, L. and {Morrison}, C.~B. and {Nakajima}, R. and 
	{Verdoes Kleijn}, G. and {Amon}, A. and {Choi}, A. and {Covone}, G. and 
	{de Jong}, J.~T.~A. and {Dvornik}, A. and {Fenech Conti}, I. and 
	{Grado}, A. and {Harnois-D{\'e}raps}, J. and {Herbonnet}, R. and 
	{Hoekstra}, H. and {K{\"o}hlinger}, F. and {McFarland}, J. and 
	{Mead}, A. and {Merten}, J. and {Napolitano}, N. and {Peacock}, J.~A. and 
	{Radovich}, M. and {Schneider}, P. and {Simon}, P. and {Valentijn}, E.~A. and 
	{van den Busch}, J.~L. and {van Uitert}, E. and {Van Waerbeke}, L.
	},
    title = "{KiDS-450: cosmological parameter constraints from tomographic weak gravitational lensing}",
  journal = {\mnras},
archivePrefix = "arXiv",
   eprint = {1606.05338},
 keywords = {gravitational lensing: weak, surveys, galaxies: photometry, cosmology: observations},
     year = 2017,
    month = feb,
   volume = 465,
    pages = {1454-1498},
      doi = {10.1093/mnras/stw2805},
   adsurl = {http://adsabs.harvard.edu/abs/2017MNRAS.465.1454H},
  adsnote = {Provided by the SAO/NASA Astrophysics Data System}
}


@ARTICLE{dejong2017,
   author = {{\SortNoop{Jong}}de Jong, J.~T.~A. and {Kleijn}, G.~A.~V. and {Erben}, T. and 
	{Hildebrandt}, H. and {Kuijken}, K. and {Sikkema}, G. and {Brescia}, M. and 
	{Bilicki}, M. and {Napolitano}, N.~R. and {Amaro}, V. and {Begeman}, K.~G. and 
	{Boxhoorn}, D.~R. and {Buddelmeijer}, H. and {Cavuoti}, S. and 
	{Getman}, F. and {Grado}, A. and {Helmich}, E. and {Huang}, Z. and 
	{Irisarri}, N. and {La Barbera}, F. and {Longo}, G. and {McFarland}, J.~P. and 
	{Nakajima}, R. and {Paolillo}, M. and {Puddu}, E. and {Radovich}, M. and 
	{Rifatto}, A. and {Tortora}, C. and {Valentijn}, E.~A. and {Vellucci}, C. and 
	{Vriend}, W.-J. and {Amon}, A. and {Blake}, C. and {Choi}, A. and 
	{Conti}, I.~F. and {Gwyn}, S.~D.~J. and {Herbonnet}, R. and 
	{Heymans}, C. and {Hoekstra}, H. and {Klaes}, D. and {Merten}, J. and 
	{Miller}, L. and {Schneider}, P. and {Viola}, M.},
    title = "{The third data release of the Kilo-Degree Survey and associated data products}",
  journal = {\aap},
archivePrefix = "arXiv",
   eprint = {1703.02991},
 keywords = {surveys, catalogs, techniques: photometric, techniques: image processing},
     year = 2017,
    month = aug,
   volume = 604,
      eid = {A134},
    pages = {A134},
      doi = {10.1051/0004-6361/201730747},
   adsurl = {http://adsabs.harvard.edu/abs/2017A%26A...604A.134D},
  adsnote = {Provided by the SAO/NASA Astrophysics Data System}
}




@ARTICLE{bilicki2017,
   author = {{Bilicki}, M. and {Hoekstra}, H. and {Amaro}, V. and {Blake}, C. and 
	{Brown}, M.~J.~I. and {Cavuoti}, S. and {de Jong}, J.~T.~A. and 
	{Hildebrandt}, H. and {Wolf}, C. and {Amon}, A. and {Brescia}, M. and 
	{Brough}, S. and {Costa-Duarte}, M.~V. and {Erben}, T. and {Glazebrook}, K. and 
	{Grado}, A. and {Heymans}, C. and {Jarrett}, T. and {Joudaki}, S. and 
	{Kuijken}, K. and {Longo}, G. and {Napolitano}, N. and {Parkinson}, D. and 
	{Vellucci}, C. and {Verdoes Kleijn}, G.~A. and {Wang}, L.},
    title = "{Photometric redshifts for the Kilo-Degree Survey. Machine-learning analysis with artificial neural networks}",
  journal = {ArXiv e-prints},
archivePrefix = "arXiv",
   eprint = {1709.04205},
 keywords = {Astrophysics - Cosmology and Nongalactic Astrophysics, Astrophysics - Astrophysics of Galaxies, Astrophysics - Instrumentation and Methods for Astrophysics},
     year = 2017,
    month = sep,
   adsurl = {http://adsabs.harvard.edu/abs/2017arXiv170904205B},
  adsnote = {Provided by the SAO/NASA Astrophysics Data System}
}



@ARTICLE{melchior2012noisebias,
   author = {{Melchior}, P. and {Viola}, M.},
    title = "{Means of confusion: how pixel noise affects shear estimates for weak gravitational lensing}",
  journal = {\mnras},
archivePrefix = "arXiv",
   eprint = {1204.5147},
 primaryClass = "astro-ph.IM",
 keywords = {gravitational lensing: weak, techniques: image processing },
     year = 2012,
    month = aug,
   volume = 424,
    pages = {2757-2769},
  adsnote = {Provided by the SAO/NASA Astrophysics Data System}
}

@ARTICLE{sadeh2016,
   author = {{Sadeh}, I. and {Abdalla}, F.~B. and {Lahav}, O.},
    title = "{ANNz2: Photometric Redshift and Probability Distribution Function Estimation using Machine Learning}",
  journal = {\pasp},
archivePrefix = "arXiv",
   eprint = {1507.00490},
     year = 2016,
    month = oct,
   volume = 128,
   number = 10,
    pages = {104502},
      doi = {10.1088/1538-3873/128/968/104502},
   adsurl = {http://adsabs.harvard.edu/abs/2016PASP..128j4502S},
  adsnote = {Provided by the SAO/NASA Astrophysics Data System}
}


% KiDS-GAMA papers
@ARTICLE{viola2015,
   author = {{Viola}, M. and {Cacciato}, M. and {Brouwer}, M. and {Kuijken}, K. and 
	{Hoekstra}, H. and {Norberg}, P. and {Robotham}, A.~S.~G. and 
	{van Uitert}, E. and {Alpaslan}, M. and {Baldry}, I.~K. and 
	{Choi}, A. and {de Jong}, J.~T.~A. and {Driver}, S.~P. and {Erben}, T. and 
	{Grado}, A. and {Graham}, A.~W. and {Heymans}, C. and {Hildebrandt}, H. and 
	{Hopkins}, A.~M. and {Irisarri}, N. and {Joachimi}, B. and {Loveday}, J. and 
	{Miller}, L. and {Nakajima}, R. and {Schneider}, P. and {Sif{\'o}n}, C. and 
	{Verdoes Kleijn}, G.},
    title = "{Dark matter halo properties of GAMA galaxy groups from 100 square degrees of KiDS weak lensing data}",
  journal = {\mnras},
archivePrefix = "arXiv",
   eprint = {1507.00735},
 keywords = {methods: observational, methods: statistical, galaxies: groups: general, galaxies: haloes, dark matter, large-scale structure of Universe},
     year = 2015,
    month = oct,
   volume = 452,
    pages = {3529-3550},
      doi = {10.1093/mnras/stv1447},
   adsurl = {http://adsabs.harvard.edu/abs/2015MNRAS.452.3529V},
  adsnote = {Provided by the SAO/NASA Astrophysics Data System}
}


@ARTICLE{sifon2015,
   author = {{Sif{\'o}n}, C. and {Cacciato}, M. and {Hoekstra}, H. and {Brouwer}, M. and 
	{van Uitert}, E. and {Viola}, M. and {Baldry}, I. and {Brough}, S. and 
	{Brown}, M.~J.~I. and {Choi}, A. and {Driver}, S.~P. and {Erben}, T. and 
	{Grado}, A. and {Heymans}, C. and {Hildebrandt}, H. and {Joachimi}, B. and 
	{de Jong}, J.~T.~A. and {Kuijken}, K. and {McFarland}, J. and 
	{Miller}, L. and {Nakajima}, R. and {Napolitano}, N. and {Norberg}, P. and 
	{Robotham}, A.~S.~G. and {Schneider}, P. and {Kleijn}, G.~V.
	},
    title = "{The masses of satellites in GAMA galaxy groups from 100 square degrees of KiDS weak lensing data}",
  journal = {\mnras},
archivePrefix = "arXiv",
   eprint = {1507.00737},
 keywords = {gravitational lensing: weak, methods: observational, methods: statistical, galaxies: haloes, galaxies: statistics, dark matter},
     year = 2015,
    month = dec,
   volume = 454,
    pages = {3938-3951},
      doi = {10.1093/mnras/stv2051},
   adsurl = {http://adsabs.harvard.edu/abs/2015MNRAS.454.3938S},
  adsnote = {Provided by the SAO/NASA Astrophysics Data System}
}

@ARTICLE{uitert2016,
    author = {{\SortNoop{Uitert}}van Uitert, E. and {Cacciato}, M. and {Hoekstra}, H. and {Brouwer}, M. and 
	{Sif{\'o}n}, C. and {Viola}, M. and {Baldry}, I. and {Bland-Hawthorn}, J. and 
	{Brough}, S. and {Brown}, M.~J.~I. and {Choi}, A. and {Driver}, S.~P. and 
	{Erben}, T. and {Heymans}, C. and {Hildebrandt}, H. and {Joachimi}, B. and 
	{Kuijken}, K. and {Liske}, J. and {Loveday}, J. and {McFarland}, J. and 
	{Miller}, L. and {Nakajima}, R. and {Peacock}, J. and {Radovich}, M. and 
	{Robotham}, A.~S.~G. and {Schneider}, P. and {Sikkema}, G. and 
	{Taylor}, E.~N. and {Verdoes Kleijn}, G.},
    title = "{The stellar-to-halo mass relation of GAMA galaxies from 100 deg$^{2}$ of KiDS weak lensing data}",
    journal = {\mnras},
    archivePrefix = "arXiv",
    eprint = {1601.06791},
    keywords = {gravitational lensing: weak, methods: observational, galaxies: groups: general, galaxies: haloes, galaxies: luminosity function, mass function},
    year = 2016,
    month = jul,
    volume = 459,
    pages = {3251-3270},
    doi = {10.1093/mnras/stw747},
    adsurl = {http://adsabs.harvard.edu/abs/2016MNRAS.459.3251V},
    adsnote = {Provided by the SAO/NASA Astrophysics Data System}
}


@ARTICLE{brouwer2016,
   author = {{Brouwer}, M.~M. and {Cacciato}, M. and {Dvornik}, A. and {Eardley}, L. and 
	{Heymans}, C. and {Hoekstra}, H. and {Kuijken}, K. and {McNaught-Roberts}, T. and 
	{Sif{\'o}n}, C. and {Viola}, M. and {Alpaslan}, M. and {Bilicki}, M. and 
	{Bland-Hawthorn}, J. and {Brough}, S. and {Choi}, A. and {Driver}, S.~P. and 
	{Erben}, T. and {Grado}, A. and {Hildebrandt}, H. and {Holwerda}, B.~W. and 
	{Hopkins}, A.~M. and {de Jong}, J.~T.~A. and {Liske}, J. and 
	{McFarland}, J. and {Nakajima}, R. and {Napolitano}, N.~R. and 
	{Norberg}, P. and {Peacock}, J.~A. and {Radovich}, M. and {Robotham}, A.~S.~G. and 
	{Schneider}, P. and {Sikkema}, G. and {van Uitert}, E. and {Verdoes Kleijn}, G. and 
	{Valentijn}, E.~A.},
    title = "{Dependence of GAMA galaxy halo masses on the cosmic web environment from 100 deg$^{2}$ of KiDS weak lensing data}",
  journal = {\mnras},
archivePrefix = "arXiv",
   eprint = {1604.07233},
 keywords = {gravitational lensing: weak, methods: statistical, surveys, galaxies: haloes, dark matter, large-scale structure of Universe},
     year = 2016,
    month = nov,
   volume = 462,
    pages = {4451-4463},
      doi = {10.1093/mnras/stw1602},
   adsurl = {http://adsabs.harvard.edu/abs/2016MNRAS.462.4451B},
  adsnote = {Provided by the SAO/NASA Astrophysics Data System}
}



@ARTICLE{brouwer2017,
   author = {{Brouwer}, M.~M. and {Visser}, M.~R. and {Dvornik}, A. and {Hoekstra}, H. and 
	{Kuijken}, K. and {Valentijn}, E.~A. and {Bilicki}, M. and {Blake}, C. and 
	{Brough}, S. and {Buddelmeijer}, H. and {Erben}, T. and {Heymans}, C. and 
	{Hildebrandt}, H. and {Holwerda}, B.~W. and {Hopkins}, A.~M. and 
	{Klaes}, D. and {Liske}, J. and {Loveday}, J. and {McFarland}, J. and 
	{Nakajima}, R. and {Sif{\'o}n}, C. and {Taylor}, E.~N.},
    title = "{First test of Verlinde's theory of emergent gravity using weak gravitational lensing measurements}",
  journal = {\mnras},
archivePrefix = "arXiv",
   eprint = {1612.03034},
 keywords = {gravitation, gravitational lensing: weak, surveys, galaxies: haloes, cosmology: theory, dark matter},
     year = 2017,
    month = apr,
   volume = 466,
    pages = {2547-2559},
      doi = {10.1093/mnras/stw3192},
   adsurl = {http://adsabs.harvard.edu/abs/2017MNRAS.466.2547B},
  adsnote = {Provided by the SAO/NASA Astrophysics Data System}
}


@ARTICLE{dvornik2017,
   author = {{Dvornik}, A. and {Cacciato}, M. and {Kuijken}, K. and {Viola}, M. and 
	{Hoekstra}, H. and {Nakajima}, R. and {van Uitert}, E. and {Brouwer}, M. and 
	{Choi}, A. and {Erben}, T. and {Fenech Conti}, I. and {Farrow}, D.~J. and 
	{Herbonnet}, R. and {Heymans}, C. and {Hildebrandt}, H. and 
	{Hopkins}, A.~M. and {McFarland}, J. and {Norberg}, P. and {Schneider}, P. and 
	{Sif{\'o}n}, C. and {Valentijn}, E. and {Wang}, L.},
    title = "{A KiDS weak lensing analysis of assembly bias in GAMA galaxy groups}",
  journal = {\mnras},
archivePrefix = "arXiv",
   eprint = {1703.06657},
 keywords = {gravitational lensing: weak, methods: statistical, surveys, galaxies: haloes, large-scale structure of Universe},
     year = 2017,
    month = jul,
   volume = 468,
    pages = {3251-3265},
      doi = {10.1093/mnras/stx705},
   adsurl = {http://adsabs.harvard.edu/abs/2017MNRAS.468.3251D},
  adsnote = {Provided by the SAO/NASA Astrophysics Data System}
}

@ARTICLE{dvornik2018,
   author = {{Dvornik}, A. and {Kuijken}, K. and {Hoekstra}, H. and {Schneider}, P. and 
	{Amon}, A. and {Nakajima}, R. and {Viola}, M. and {Choi}, A. and 
	{Erben}, T. and {Farrow}, D.~J. and {Heymans}, C. and {Hildebrandt}, H. and 
	{Sif{\'o}n}, C. and {Wang}, L.},
    title = "{Unveiling Galaxy Bias via the Halo Model, KiDS and GAMA}",
  journal = {ArXiv e-prints},
archivePrefix = "arXiv",
   eprint = {1802.00734},
 keywords = {Astrophysics - Cosmology and Nongalactic Astrophysics},
     year = 2018,
    month = feb,
   adsurl = {http://adsabs.harvard.edu/abs/2018arXiv180200734D},
  adsnote = {Provided by the SAO/NASA Astrophysics Data System}
}


@article{baldry2010gama,
  title={Galaxy And Mass Assembly (GAMA): the input catalogue and star--galaxy separation},
  author={Baldry, Ivan K and Robotham, Aaron SG and Hill, David T and Driver, Simon P and Liske, Jochen and Norberg, Peder and Bamford, Steven P and Hopkins, Andrew M and Loveday, Jon and Peacock, John A and others},
  journal={\mnras},
  volume={404},
  number={1},
  pages={86--100},
  year={2010},
  publisher={Oxford University Press}
}

% Stellar mass measurement
@ARTICLE{bruzual2003,
   author = {{Bruzual}, G. and {Charlot}, S.},
    title = "{Stellar population synthesis at the resolution of 2003}",
  journal = {\mnras},
   eprint = {astro-ph/0309134},
 keywords = {stars: evolution, galaxies: evolution, galaxies: formation, galaxies: stellar content},
     year = 2003,
    month = oct,
   volume = 344,
    pages = {1000-1028},
      doi = {10.1046/j.1365-8711.2003.06897.x},
   adsurl = {http://adsabs.harvard.edu/abs/2003MNRAS.344.1000B},
  adsnote = {Provided by the SAO/NASA Astrophysics Data System}
}


@ARTICLE{edge2013,
  author = {{Edge}, A. and {Sutherland}, W. and {Kuijken}, K. and {Driver}, S. and {McMahon}, R. and {Eales}, S. and {Emerson}, J.~P.},
  title = "{The VISTA Kilo-degree Infrared Galaxy (VIKING) Survey: Bridging the Gap between Low and High Redshift}",
  journal = {The Messenger},
  year = 2013,
  month = dec,
  volume = 154,
  pages = {32-34},
  adsurl = {http://adsabs.harvard.edu/abs/2013Msngr.154...32E},
  adsnote = {Provided by the SAO/NASA Astrophysics Data System}
}

% Absolute magnitude K-correction
@ARTICLE{beare2014,
   author = {{Beare}, R. and {Brown}, M.~J.~I. and {Pimbblet}, K.},
    title = "{An Accurate New Method of Calculating Absolute Magnitudes and K-corrections Applied to the Sloan Filter Set}",
  journal = {\apj},
archivePrefix = "arXiv",
   eprint = {1410.8139},
 keywords = {cosmology: observations, galaxies: evolution, galaxies: photometry},
     year = 2014,
    month = dec,
   volume = 797,
      eid = {104},
    pages = {104},
      doi = {10.1088/0004-637X/797/2/104},
   adsurl = {http://adsabs.harvard.edu/abs/2014ApJ...797..104B},
  adsnote = {Provided by the SAO/NASA Astrophysics Data System}
}


% The Sloan Digital Sky Survey
@ARTICLE{abazajian2009,
   author = {{Abazajian}, K.~N. and {Adelman-McCarthy}, J.~K. and {Ag{\"u}eros}, M.~A. and 
	{Allam}, S.~S. and {Allende Prieto}, C. and {An}, D. and {Anderson}, K.~S.~J. and 
	{Anderson}, S.~F. and {Annis}, J. and {Bahcall}, N.~A. and et al.},
    title = "{The Seventh Data Release of the Sloan Digital Sky Survey}",
  journal = {\apjs},
archivePrefix = "arXiv",
   eprint = {0812.0649},
 keywords = {atlases, catalogs, surveys},
     year = 2009,
    month = jun,
   volume = 182,
      eid = {543-558},
    pages = {543-558},
      doi = {10.1088/0067-0049/182/2/543},
   adsurl = {http://adsabs.harvard.edu/abs/2009ApJS..182..543A},
  adsnote = {Provided by the SAO/NASA Astrophysics Data System}
}

@ARTICLE{zehavi2011,
   author = {{Zehavi}, I. and {Zheng}, Z. and {Weinberg}, D.~H. and {Blanton}, M.~R. and 
	{Bahcall}, N.~A. and {Berlind}, A.~A. and {Brinkmann}, J. and 
	{Frieman}, J.~A. and {Gunn}, J.~E. and {Lupton}, R.~H. and {Nichol}, R.~C. and 
	{Percival}, W.~J. and {Schneider}, D.~P. and {Skibba}, R.~A. and 
	{Strauss}, M.~A. and {Tegmark}, M. and {York}, D.~G.},
    title = "{Galaxy Clustering in the Completed SDSS Redshift Survey: The Dependence on Color and Luminosity}",
  journal = {\apj},
archivePrefix = "arXiv",
   eprint = {1005.2413},
 keywords = {cosmology: observations, cosmology: theory, galaxies: distances and redshifts, galaxies: halos, galaxies: statistics, large-scale structure of universe},
     year = 2011,
    month = jul,
   volume = 736,
      eid = {59},
    pages = {59},
      doi = {10.1088/0004-637X/736/1/59},
   adsurl = {http://adsabs.harvard.edu/abs/2011ApJ...736...59Z},
  adsnote = {Provided by the SAO/NASA Astrophysics Data System}
}


% The COSMOS survey

@ARTICLE{ilbert2009,
   author = {{Ilbert}, O. and {Capak}, P. and {Salvato}, M. and {Aussel}, H. and 
	{McCracken}, H.~J. and {Sanders}, D.~B. and {Scoville}, N. and 
	{Kartaltepe}, J. and {Arnouts}, S. and {Le Floc'h}, E. and {Mobasher}, B. and 
	{Taniguchi}, Y. and {Lamareille}, F. and {Leauthaud}, A. and 
	{Sasaki}, S. and {Thompson}, D. and {Zamojski}, M. and {Zamorani}, G. and 
	{Bardelli}, S. and {Bolzonella}, M. and {Bongiorno}, A. and 
	{Brusa}, M. and {Caputi}, K.~I. and {Carollo}, C.~M. and {Contini}, T. and 
	{Cook}, R. and {Coppa}, G. and {Cucciati}, O. and {de la Torre}, S. and 
	{de Ravel}, L. and {Franzetti}, P. and {Garilli}, B. and {Hasinger}, G. and 
	{Iovino}, A. and {Kampczyk}, P. and {Kneib}, J.-P. and {Knobel}, C. and 
	{Kovac}, K. and {Le Borgne}, J.~F. and {Le Brun}, V. and {F{\`e}vre}, O.~L. and 
	{Lilly}, S. and {Looper}, D. and {Maier}, C. and {Mainieri}, V. and 
	{Mellier}, Y. and {Mignoli}, M. and {Murayama}, T. and {Pell{\`o}}, R. and 
	{Peng}, Y. and {P{\'e}rez-Montero}, E. and {Renzini}, A. and 
	{Ricciardelli}, E. and {Schiminovich}, D. and {Scodeggio}, M. and 
	{Shioya}, Y. and {Silverman}, J. and {Surace}, J. and {Tanaka}, M. and 
	{Tasca}, L. and {Tresse}, L. and {Vergani}, D. and {Zucca}, E.
	},
    title = "{Cosmos Photometric Redshifts with 30-Bands for 2-deg$^{2}$}",
  journal = {\apj},
archivePrefix = "arXiv",
   eprint = {0809.2101},
 keywords = {galaxies: distances and redshifts, galaxies: evolution, galaxies: formation},
     year = 2009,
    month = jan,
   volume = 690,
    pages = {1236-1249},
      doi = {10.1088/0004-637X/690/2/1236},
   adsurl = {http://adsabs.harvard.edu/abs/2009ApJ...690.1236I},
  adsnote = {Provided by the SAO/NASA Astrophysics Data System}
}


% Stellar mass measurement
@ARTICLE{taylor2011,
   author = {{Taylor}, E.~N. and {Hopkins}, A.~M. and {Baldry}, I.~K. and 
	{Brown}, M.~J.~I. and {Driver}, S.~P. and {Kelvin}, L.~S. and 
	{Hill}, D.~T. and {Robotham}, A.~S.~G. and {Bland-Hawthorn}, J. and 
	{Jones}, D.~H. and {Sharp}, R.~G. and {Thomas}, D. and {Liske}, J. and 
	{Loveday}, J. and {Norberg}, P. and {Peacock}, J.~A. and {Bamford}, S.~P. and 
	{Brough}, S. and {Colless}, M. and {Cameron}, E. and {Conselice}, C.~J. and 
	{Croom}, S.~M. and {Frenk}, C.~S. and {Gunawardhana}, M. and 
	{Kuijken}, K. and {Nichol}, R.~C. and {Parkinson}, H.~R. and 
	{Phillipps}, S. and {Pimbblet}, K.~A. and {Popescu}, C.~C. and 
	{Prescott}, M. and {Sutherland}, W.~J. and {Tuffs}, R.~J. and 
	{van Kampen}, E. and {Wijesinghe}, D.},
    title = "{Galaxy And Mass Assembly (GAMA): stellar mass estimates}",
  journal = {\mnras},
archivePrefix = "arXiv",
   eprint = {1108.0635},
 primaryClass = "astro-ph.CO",
 keywords = {catalogues, galaxies: evolution, galaxies: formation, galaxies: fundamental parameters, galaxies: stellar content},
     year = 2011,
    month = dec,
   volume = 418,
    pages = {1587-1620},
      doi = {10.1111/j.1365-2966.2011.19536.x},
   adsurl = {http://adsabs.harvard.edu/abs/2011MNRAS.418.1587T},
  adsnote = {Provided by the SAO/NASA Astrophysics Data System}
}


@ARTICLE{gallazzi2009,
   author = {{Gallazzi}, A. and {Bell}, E.~F.},
    title = "{Stellar Mass-to-Light Ratios from Galaxy Spectra: How Accurate Can They Be?}",
  journal = {\apjs},
archivePrefix = "arXiv",
   eprint = {0910.1591},
 keywords = {galaxies: fundamental parameters, galaxies: stellar content, methods: data analysis},
     year = 2009,
    month = dec,
   volume = 185,
    pages = {253-272},
      doi = {10.1088/0067-0049/185/2/253},
   adsurl = {http://adsabs.harvard.edu/abs/2009ApJS..185..253G},
  adsnote = {Provided by the SAO/NASA Astrophysics Data System}
}


@ARTICLE{dejong2015,
   author = {{\SortNoop{Jong}}de Jong, J.~T.~A. and {Verdoes Kleijn}, G.~A. and {Boxhoorn}, D.~R. and 
	{Buddelmeijer}, H. and {Capaccioli}, M. and {Getman}, F. and 
	{Grado}, A. and {Helmich}, E. and {Huang}, Z. and {Irisarri}, N. and 
	{Kuijken}, K. and {La Barbera}, F. and {McFarland}, J.~P. and 
	{Napolitano}, N.~R. and {Radovich}, M. and {Sikkema}, G. and 
	{Valentijn}, E.~A. and {Begeman}, K.~G. and {Brescia}, M. and 
	{Cavuoti}, S. and {Choi}, A. and {Cordes}, O.-M. and {Covone}, G. and 
	{Dall'Ora}, M. and {Hildebrandt}, H. and {Longo}, G. and {Nakajima}, R. and 
	{Paolillo}, M. and {Puddu}, E. and {Rifatto}, A. and {Tortora}, C. and 
	{van Uitert}, E. and {Buddendiek}, A. and {Harnois-D{\'e}raps}, J. and 
	{Erben}, T. and {Eriksen}, M.~B. and {Heymans}, C. and {Hoekstra}, H. and 
	{Joachimi}, B. and {Kitching}, T.~D. and {Klaes}, D. and {Koopmans}, L.~V.~E. and 
	{K{\"o}hlinger}, F. and {Roy}, N. and {Sif{\'o}n}, C. and {Schneider}, P. and 
	{Sutherland}, W.~J. and {Viola}, M. and {Vriend}, W.-J.},
    title = "{The first and second data releases of the Kilo-Degree Survey}",
  journal = {\aap},
archivePrefix = "arXiv",
   eprint = {1507.00742},
 keywords = {methods: observational, surveys, galaxies: general, large-scale structure of Universe},
     year = 2015,
    month = oct,
   volume = 582,
      eid = {A62},
    pages = {A62},
      doi = {10.1051/0004-6361/201526601},
   adsurl = {http://adsabs.harvard.edu/abs/2015A%26A...582A..62D},
  adsnote = {Provided by the SAO/NASA Astrophysics Data System}
}


% Luminosity evolution

@ARTICLE{tinsley1972,
   author = {{Tinsley}, B.~M.},
    title = "{Stellar Evolution in Elliptical Galaxies}",
  journal = {\apj},
     year = 1972,
    month = dec,
   volume = 178,
    pages = {319-336},
      doi = {10.1086/151793},
   adsurl = {http://adsabs.harvard.edu/abs/1972ApJ...178..319T},
  adsnote = {Provided by the SAO/NASA Astrophysics Data System}
}

@ARTICLE{petrosian1976,
   author = {{Petrosian}, V.},
    title = "{Surface brightness and evolution of galaxies}",
  journal = {\apjl},
 keywords = {Astronomical Models, Galactic Evolution, Luminous Intensity, Red Shift, Surface Properties, Big Bang Cosmology, Cosmology, Hubble Diagram, Iterative Solution, Point Sources},
     year = 1976,
    month = oct,
   volume = 209,
    pages = {L1-L5},
      doi = {10.1086/182253},
   adsurl = {http://adsabs.harvard.edu/abs/1976ApJ...209L...1P},
  adsnote = {Provided by the SAO/NASA Astrophysics Data System}
}


% Source detection

@ARTICLE{bertin1996,
   author = {{Bertin}, E. and {Arnouts}, S.},
    title = "{SExtractor: Software for source extraction.}",
  journal = {\aaps},
 keywords = {METHODS: DATA ANALYSIS, TECHNIQUES: IMAGE PROCESSING, GALAXIES: PHOTOMETRY},
     year = 1996,
    month = jun,
   volume = 117,
    pages = {393-404},
      doi = {10.1051/aas:1996164},
   adsurl = {http://adsabs.harvard.edu/abs/1996A%26AS..117..393B},
  adsnote = {Provided by the SAO/NASA Astrophysics Data System}
}


% Shape measurement
@ARTICLE{miller2007,
   author = {{Miller}, L. and {Kitching}, T.~D. and {Heymans}, C. and {Heavens}, A.~F. and 
	{van Waerbeke}, L.},
    title = "{Bayesian galaxy shape measurement for weak lensing surveys - I. Methodology and a fast-fitting algorithm}",
  journal = {\mnras},
archivePrefix = "arXiv",
   eprint = {0708.2340},
 keywords = {gravitational lensing, methods: data analysis, methods: statistical, techniques: miscellaneous},
     year = 2007,
    month = nov,
   volume = 382,
    pages = {315-324},
      doi = {10.1111/j.1365-2966.2007.12363.x},
   adsurl = {http://adsabs.harvard.edu/abs/2007MNRAS.382..315M},
  adsnote = {Provided by the SAO/NASA Astrophysics Data System}
}



@ARTICLE{miller2013,
   author = {{Miller}, L. and {Heymans}, C. and {Kitching}, T.~D. and {van Waerbeke}, L. and 
	{Erben}, T. and {Hildebrandt}, H. and {Hoekstra}, H. and {Mellier}, Y. and 
	{Rowe}, B.~T.~P. and {Coupon}, J. and {Dietrich}, J.~P. and 
	{Fu}, L. and {Harnois-D{\'e}raps}, J. and {Hudson}, M.~J. and 
	{Kilbinger}, M. and {Kuijken}, K. and {Schrabback}, T. and {Semboloni}, E. and 
	{Vafaei}, S. and {Velander}, M.},
    title = "{Bayesian galaxy shape measurement for weak lensing surveys - III. Application to the Canada-France-Hawaii Telescope Lensing Survey}",
  journal = {\mnras},
archivePrefix = "arXiv",
   eprint = {1210.8201},
 primaryClass = "astro-ph.CO",
 keywords = {gravitational lensing: weak, methods: data analysis, methods: statistical, cosmology: observations},
     year = 2013,
    month = mar,
   volume = 429,
    pages = {2858-2880},
      doi = {10.1093/mnras/sts454},
   adsurl = {http://adsabs.harvard.edu/abs/2013MNRAS.429.2858M},
  adsnote = {Provided by the SAO/NASA Astrophysics Data System}
}


@ARTICLE{fenechconti2017,
   author = {{Fenech Conti}, I. and {Herbonnet}, R. and {Hoekstra}, H. and 
	{Merten}, J. and {Miller}, L. and {Viola}, M.},
    title = "{Calibration of weak-lensing shear in the Kilo-Degree Survey}",
  journal = {\mnras},
archivePrefix = "arXiv",
   eprint = {1606.05337},
 keywords = {gravitational lensing: weak, surveys, cosmology: observations},
     year = 2017,
    month = may,
   volume = 467,
    pages = {1627-1651},
      doi = {10.1093/mnras/stx200},
   adsurl = {http://adsabs.harvard.edu/abs/2017MNRAS.467.1627F},
  adsnote = {Provided by the SAO/NASA Astrophysics Data System}
}



% Shape measurement

@ARTICLE{kuijken2008,
   author = {{Kuijken}, K.},
    title = "{GaaP: PSF- and aperture-matched photometry using shapelets}",
  journal = {\aap},
   eprint = {astro-ph/0610606},
 keywords = {techniques: image processing, methods: data analysis, techniques: photometric, galaxies: fundamental parameters},
     year = 2008,
    month = may,
   volume = 482,
    pages = {1053-1067},
      doi = {10.1051/0004-6361:20066601},
   adsurl = {http://adsabs.harvard.edu/abs/2008A%26A...482.1053K},
  adsnote = {Provided by the SAO/NASA Astrophysics Data System}
}



@ARTICLE{heymans2012,
   author = {{Heymans}, C. and {Van Waerbeke}, L. and {Miller}, L. and {Erben}, T. and 
	{Hildebrandt}, H. and {Hoekstra}, H. and {Kitching}, T.~D. and 
	{Mellier}, Y. and {Simon}, P. and {Bonnett}, C. and {Coupon}, J. and 
	{Fu}, L. and {Harnois D{\'e}raps}, J. and {Hudson}, M.~J. and 
	{Kilbinger}, M. and {Kuijken}, K. and {Rowe}, B. and {Schrabback}, T. and 
	{Semboloni}, E. and {van Uitert}, E. and {Vafaei}, S. and {Velander}, M.
	},
    title = "{CFHTLenS: the Canada-France-Hawaii Telescope Lensing Survey}",
  journal = {\mnras},
archivePrefix = "arXiv",
   eprint = {1210.0032},
 keywords = {gravitational lensing: weak, cosmology: observations},
     year = 2012,
    month = nov,
   volume = 427,
    pages = {146-166},
      doi = {10.1111/j.1365-2966.2012.21952.x},
   adsurl = {http://adsabs.harvard.edu/abs/2012MNRAS.427..146H},
  adsnote = {Provided by the SAO/NASA Astrophysics Data System}
}



@ARTICLE{mcfarland2013,
   author = {{McFarland}, J.~P. and {Verdoes-Kleijn}, G. and {Sikkema}, G. and 
	{Helmich}, E.~M. and {Boxhoorn}, D.~R. and {Valentijn}, E.~A.
	},
    title = "{The Astro-WISE optical image pipeline. Development and implementation}",
  journal = {Experimental Astronomy},
 keywords = {Wide-field imaging, Data processing, Information system},
     year = 2013,
    month = jan,
   volume = 35,
    pages = {45-78},
      doi = {10.1007/s10686-011-9266-x},
   adsurl = {http://adsabs.harvard.edu/abs/2013ExA....35...45M},
  adsnote = {Provided by the SAO/NASA Astrophysics Data System}
}


@INPROCEEDINGS{valentijn2007astrowise,
   author = {{Valentijn}, E.~A. and {McFarland}, J.~P. and {Snigula}, J. and 
	{Begeman}, K.~G. and {Boxhoorn}, D.~R. and {Rengelink}, R. and 
	{Helmich}, E. and {Heraudeau}, P. and {Verdoes Kleijn}, G. and 
	{Vermeij}, R. and {Vriend}, W.-J. and {Tempelaar}, M.~J. and 
	{Deul}, E. and {Kuijken}, K. and {Capaccioli}, M. and {Silvotti}, R. and 
	{Bender}, R. and {Neeser}, M. and {Saglia}, R. and {Bertin}, E. and 
	{Mellier}, Y.},
    title = "{Astro-WISE: Chaining to the Universe}",
booktitle = {Astronomical Data Analysis Software and Systems XVI},
     year = 2007,
   series = {Astronomical Society of the Pacific Conference Series},
   volume = 376,
   eprint = {astro-ph/0702189},
   editor = {{Shaw}, R.~A. and {Hill}, F. and {Bell}, D.~J.},
    month = oct,
    pages = {491},
   adsurl = {http://adsabs.harvard.edu/abs/2007ASPC..376..491V},
  adsnote = {Provided by the SAO/NASA Astrophysics Data System}
}

@ARTICLE{begeman2013astrowise,
   author = {{Begeman}, K. and {Belikov}, A.~N. and {Boxhoorn}, D.~R. and 
	{Valentijn}, E.~A.},
    title = "{The Astro-WISE datacentric information system}",
  journal = {Experimental Astronomy},
archivePrefix = "arXiv",
   eprint = {1208.0447},
 primaryClass = "astro-ph.IM",
 keywords = {Data grid, Grid computing, Information system, Middleware},
     year = 2013,
    month = jan,
   volume = 35,
    pages = {1-23},
      doi = {10.1007/s10686-012-9311-4},
   adsurl = {http://adsabs.harvard.edu/abs/2013ExA....35....1B},
  adsnote = {Provided by the SAO/NASA Astrophysics Data System}
}



% Photo-z measurement

@ARTICLE{benitez2000,
   author = {{Ben{\'{\i}}tez}, N.},
    title = "{Bayesian Photometric Redshift Estimation}",
  journal = {\apj},
   eprint = {astro-ph/9811189},
 keywords = {Galaxies: Distances and Redshifts, Galaxies: Photometry, Methods: Statistical},
     year = 2000,
    month = jun,
   volume = 536,
    pages = {571-583},
      doi = {10.1086/308947},
   adsurl = {http://adsabs.harvard.edu/abs/2000ApJ...536..571B},
  adsnote = {Provided by the SAO/NASA Astrophysics Data System}
}



@ARTICLE{hildebrandt2012,
   author = {{Hildebrandt}, H. and {Erben}, T. and {Kuijken}, K. and {van Waerbeke}, L. and 
	{Heymans}, C. and {Coupon}, J. and {Benjamin}, J. and {Bonnett}, C. and 
	{Fu}, L. and {Hoekstra}, H. and {Kitching}, T.~D. and {Mellier}, Y. and 
	{Miller}, L. and {Velander}, M. and {Hudson}, M.~J. and {Rowe}, B.~T.~P. and 
	{Schrabback}, T. and {Semboloni}, E. and {Ben{\'{\i}}tez}, N.
	},
    title = "{CFHTLenS: improving the quality of photometric redshifts with precision photometry}",
  journal = {\mnras},
archivePrefix = "arXiv",
   eprint = {1111.4434},
 keywords = {galaxies: abundances, galaxies: high-redshift, galaxies: photometry},
     year = 2012,
    month = apr,
   volume = 421,
    pages = {2355-2367},
      doi = {10.1111/j.1365-2966.2012.20468.x},
   adsurl = {http://adsabs.harvard.edu/abs/2012MNRAS.421.2355H},
  adsnote = {Provided by the SAO/NASA Astrophysics Data System}
}



% Mass-concentration relation
@article{duffy2008massrelation,
  title={Dark matter halo concentrations in the Wilkinson Microwave Anisotropy Probe year 5 cosmology},
  author={Duffy, Alan R and Schaye, Joop and Kay, Scott T and Dalla Vecchia, Claudio},
  journal={\mnras: Letters},
  volume={390},
  number={1},
  pages={L64--L68},
  year={2008},
  publisher={Oxford University Press}
}

@article{dutton2014massrelation,
   author = {{Dutton}, A.~A. and {Macci{\`o}}, A.~V.},
    title = "{Cold dark matter haloes in the Planck era: evolution of structural parameters for Einasto and NFW profiles}",
  journal = {\mnras},
archivePrefix = "arXiv",
   eprint = {1402.7073},
 keywords = {methods: numerical, galaxies: haloes, cosmology: theory, dark matter},
     year = 2014,
    month = jul,
   volume = 441,
    pages = {3359-3374},
  adsnote = {Provided by the SAO/NASA Astrophysics Data System}
}


% Halo model
@article{wright2000model,
  title={Gravitational lensing by NFW halos},
  author={Wright, Candace Oaxaca and Brainerd, Tereasa G},
  journal={\apj},
  volume={534},
  number={1},
  pages={34},
  year={2000},
  publisher={IOP Publishing}
}

% Simulations

@ARTICLE{velliscig2015,
   author = {{Velliscig}, M. and {Cacciato}, M. and {Schaye}, J. and {Crain}, R.~A. and 
	{Bower}, R.~G. and {van Daalen}, M.~P. and {Dalla Vecchia}, C. and 
	{Frenk}, C.~S. and {Furlong}, M. and {McCarthy}, I.~G. and {Schaller}, M. and 
	{Theuns}, T.},
    title = "{The alignment and shape of dark matter, stellar, and hot gas distributions in the EAGLE and cosmo-OWLS simulations}",
  journal = {\mnras},
archivePrefix = "arXiv",
   eprint = {1504.04025},
 keywords = {galaxies: formation, galaxies: haloes, cosmology: theory, large-scale structure of Universe},
     year = 2015,
    month = oct,
   volume = 453,
    pages = {721-738},
      doi = {10.1093/mnras/stv1690},
   adsurl = {http://adsabs.harvard.edu/abs/2015MNRAS.453..721V},
  adsnote = {Provided by the SAO/NASA Astrophysics Data System}
}

@ARTICLE{boylan2009,
   author = {{Boylan-Kolchin}, M. and {Springel}, V. and {White}, S.~D.~M. and 
	{Jenkins}, A. and {Lemson}, G.},
    title = "{Resolving cosmic structure formation with the Millennium-II Simulation}",
  journal = {\mnras},
archivePrefix = "arXiv",
   eprint = {0903.3041},
 primaryClass = "astro-ph.CO",
 keywords = {methods: N-body simulations , galaxies: haloes , cosmology: theory},
     year = 2009,
    month = sep,
   volume = 398,
    pages = {1150-1164},
      doi = {10.1111/j.1365-2966.2009.15191.x},
   adsurl = {http://adsabs.harvard.edu/abs/2009MNRAS.398.1150B},
  adsnote = {Provided by the SAO/NASA Astrophysics Data System}
}



% NFW profile
@ARTICLE{navarro1996,
   author = {{Navarro}, J.~F. and {Frenk}, C.~S. and {White}, S.~D.~M.},
    title = "{The Structure of Cold Dark Matter Halos}",
  journal = {\apj},
   eprint = {astro-ph/9508025},
 keywords = {COSMOLOGY: THEORY, COSMOLOGY: DARK MATTER, GALAXIES: HALOS, METHODS: NUMERICAL},
     year = 1996,
    month = may,
   volume = 462,
    pages = {563},
      doi = {10.1086/177173},
   adsurl = {http://adsabs.harvard.edu/abs/1996ApJ...462..563N},
  adsnote = {Provided by the SAO/NASA Astrophysics Data System}
}


% Bias
@ARTICLE{tinker2010,
   author = {{Tinker}, J.~L. and {Robertson}, B.~E. and {Kravtsov}, A.~V. and 
	{Klypin}, A. and {Warren}, M.~S. and {Yepes}, G. and {Gottl{\"o}ber}, S.
	},
    title = "{The Large-scale Bias of Dark Matter Halos: Numerical Calibration and Model Tests}",
  journal = {\apj},
archivePrefix = "arXiv",
   eprint = {1001.3162},
 keywords = {cosmology: theory, large-scale structure of universe, methods: numerical},
     year = 2010,
    month = dec,
   volume = 724,
    pages = {878-886},
      doi = {10.1088/0004-637X/724/2/878},
   adsurl = {http://adsabs.harvard.edu/abs/2010ApJ...724..878T},
  adsnote = {Provided by the SAO/NASA Astrophysics Data System}
}


@ARTICLE{benson2000,
   author = {{Benson}, A.~J. and {Cole}, S. and {Frenk}, C.~S. and {Baugh}, C.~M. and 
	{Lacey}, C.~G.},
    title = "{The nature of galaxy bias and clustering}",
  journal = {\mnras},
   eprint = {astro-ph/9903343},
 keywords = {GALAXIES: FORMATION, GALAXIES: STATISTICS, LARGE-SCALE STRUCTURE OF UNIVERSE},
     year = 2000,
    month = feb,
   volume = 311,
    pages = {793-808},
      doi = {10.1046/j.1365-8711.2000.03101.x},
   adsurl = {http://adsabs.harvard.edu/abs/2000MNRAS.311..793B},
  adsnote = {Provided by the SAO/NASA Astrophysics Data System}
}



% Dark matter power spectrum
@article{bosch2002powerspectrum,
  title={The universal mass accretion history of cold dark matter haloes},
  author={{\swap{Bosch}{van den }}, Frank C},
  journal={\mnras},
  volume={331},
  number={1},
  pages={98--110},
  year={2002},
  publisher={Oxford University Press}
}

% EMCEE sampler
@article{foreman2013emcee,
  title={emcee: The MCMC hammer},
  author={Foreman-Mackey, Daniel and Hogg, David W and Lang, Dustin and Goodman, Jonathan},
  journal={\pasp},
  volume={125},
  number={925},
  pages={306--312},
  year={2013},
  publisher={JSTOR}
}

% MCMC method
@article{goodman2010mcmc,
  title={Ensemble samplers with affine invariance},
  author={Goodman, Jonathan and Weare, Jonathan},
  journal={Communications in Applied Mathematics and Computational Science},
  volume={5},
  number={1},
  pages={65--80},
  year={2010},
  publisher={Mathematical Sciences Publishers}
}

% Statistics
@ARTICLE{gould2003,
   author = {{Gould}, A.},
    title = "{chi\^{}2 and Linear Fits}",
  journal = {ArXiv Astrophysics e-prints},
   eprint = {astro-ph/0310577},
 keywords = {Astrophysics},
     year = 2003,
    month = oct,
   adsurl = {http://adsabs.harvard.edu/abs/2003astro.ph.10577G},
  adsnote = {Provided by the SAO/NASA Astrophysics Data System}
}

@ARTICLE{schwarz1978,
   author = {{Schwarz}, G.},
    title = "{Estimating the Dimension of a Model}",
  journal = {Annals of Statistics},
     year = 1978,
    month = jul,
   volume = 6,
    pages = {461-464},
   adsurl = {http://adsabs.harvard.edu/abs/1978AnSta...6..461S},
  adsnote = {Provided by the SAO/NASA Astrophysics Data System}
}

@ARTICLE{andrae2010,
   author = {{Andrae}, R. and {Schulze-Hartung}, T. and {Melchior}, P.},
    title = "{Dos and don'ts of reduced chi-squared}",
  journal = {ArXiv e-prints},
archivePrefix = "arXiv",
   eprint = {1012.3754},
 primaryClass = "astro-ph.IM",
 keywords = {Astrophysics - Instrumentation and Methods for Astrophysics, Physics - Data Analysis, Statistics and Probability, Statistics - Methodology},
     year = 2010,
    month = dec,
   adsurl = {http://adsabs.harvard.edu/abs/2010arXiv1012.3754A},
  adsnote = {Provided by the SAO/NASA Astrophysics Data System}
}


@article{akaike1973, 
author = {Akaike, Htrotugu}, 
title = {Maximum likelihood identification of Gaussian autoregressive moving average models},
volume = {60}, 
number = {2}, 
pages = {255-265}, 
year = {1973}, 
doi = {10.1093/biomet/60.2.255}, 
URL = {http://biomet.oxfordjournals.org/content/60/2/255.abstract}, 
eprint = {http://biomet.oxfordjournals.org/content/60/2/255.full.pdf+html}, 
journal = {Biometrika} 
}

@ARTICLE{liddle2007,
   author = {{Liddle}, A.~R.},
    title = "{Information criteria for astrophysical model selection}",
  journal = {\mnras},
   eprint = {astro-ph/0701113},
 keywords = {methods: data analysis, methods: statistical, cosmology: theory},
     year = 2007,
    month = may,
   volume = 377,
    pages = {L74-L78},
      doi = {10.1111/j.1745-3933.2007.00306.x},
   adsurl = {http://adsabs.harvard.edu/abs/2007MNRAS.377L..74L},
  adsnote = {Provided by the SAO/NASA Astrophysics Data System}
}

@ARTICLE{kass1995,
author = {Robert E. Kass and Adrian E. Raftery},
title = {Bayes Factors},
journal = {Journal of the American Statistical Association},
volume = {90},
number = {430},
pages = {773-795},
year = {1995},
doi = {10.1080/01621459.1995.10476572},
URL = {http://amstat.tandfonline.com/doi/abs/10.1080/01621459.1995.10476572},
eprint = {http://amstat.tandfonline.com/doi/pdf/10.1080/01621459.1995.10476572}
}

@ARTICLE{somerville2004,
   author = {{Somerville}, R.~S. and {Lee}, K. and {Ferguson}, H.~C. and 
	{Gardner}, J.~P. and {Moustakas}, L.~A. and {Giavalisco}, M.
	},
    title = "{Cosmic Variance in the Great Observatories Origins Deep Survey}",
  journal = {\apjl},
   eprint = {astro-ph/0309071},
 keywords = {Galaxies: Statistics, Cosmology: Large-Scale Structure of Universe},
     year = 2004,
    month = jan,
   volume = 600,
    pages = {L171-L174},
      doi = {10.1086/378628},
   adsurl = {http://adsabs.harvard.edu/abs/2004ApJ...600L.171S},
  adsnote = {Provided by the SAO/NASA Astrophysics Data System}
}



% Euclid satellite

@ARTICLE{laureijs2011,
   author = {{Laureijs}, R. and {Amiaux}, J. and {Arduini}, S. and {Augu{\`e}res}, J.~-. and 
	{Brinchmann}, J. and {Cole}, R. and {Cropper}, M. and {Dabin}, C. and 
	{Duvet}, L. and {Ealet}, A. and et al.},
    title = "{Euclid Definition Study Report}",
  journal = {ArXiv e-prints},
archivePrefix = "arXiv",
   eprint = {1110.3193},
 primaryClass = "astro-ph.CO",
 keywords = {Astrophysics - Cosmology and Extragalactic Astrophysics, Astrophysics - Galaxy Astrophysics},
     year = 2011,
    month = oct,
   adsurl = {http://adsabs.harvard.edu/abs/2011arXiv1110.3193L},
  adsnote = {Provided by the SAO/NASA Astrophysics Data System}
}

% LSST telescope

@ARTICLE{lsst2012,
   author = {{Dark Energy Science Collaboration}},
    title = "{Large Synoptic Survey Telescope: Dark Energy Science Collaboration}",
  journal = {ArXiv e-prints},
archivePrefix = "arXiv",
   eprint = {1211.0310},
 primaryClass = "astro-ph.CO",
 keywords = {Astrophysics - Cosmology and Extragalactic Astrophysics, High Energy Physics - Experiment},
     year = 2012,
    month = nov,
   adsurl = {http://adsabs.harvard.edu/abs/2012arXiv1211.0310L},
  adsnote = {Provided by the SAO/NASA Astrophysics Data System}
}

% Python

@article{perez2007ipython,
  title={IPython: a system for interactive scientific computing},
  author={P{\'e}rez, Fernando and Granger, Brian E},
  journal={Computing in Science \& Engineering},
  volume={9},
  number={3},
  pages={21--29},
  year={2007},
  publisher={AIP Publishing}
}

@article{hunter2007matplotlib,
  title={Matplotlib: A 2D graphics environment},
  author={Hunter, John D and others},
  journal={Computing in science and engineering},
  volume={9},
  number={3},
  pages={90--95},
  year={2007}
}
